%% This BibTeX bibliography file was created using BibDesk.
%% http://bibdesk.sourceforge.net/


%% Created for Rios, Joseph L. (ARC-AFO) at 2012-09-05 17:31:46 -0700 


%% Saved with string encoding Unicode (UTF-8) 



@article{RiosTOMS12,
	Author = {Joseph Rios},
	Date-Added = {2012-09-05 17:30:01 -0700},
	Date-Modified = {2012-09-05 17:31:45 -0700},
	Journal = {{ACM} Transactions on Mathematical Software (to appear)},
	Number = {x},
	Pages = {xx},
	Title = {A General, Parallel Implementation of Dantzig--Wolfe Decomposition},
	Volume = {x},
	Year = {20xx}}

@article{Borndorfer98,
	Author = {Ralf Borndorfer and Carlos E. Ferreira and Alexander Martin},
	Date-Added = {2012-03-07 15:45:47 -0800},
	Date-Modified = {2012-03-07 15:47:23 -0800},
	Journal = {{SIAM} Journal on Optimization},
	Number = {1},
	Pages = {236-269},
	Title = {Decomposing Matrices into Blocks},
	Volume = {9},
	Year = {1998}}

@article{Weil71,
	Author = {Roman L. Weil and Paul C. Kettler},
	Date-Added = {2012-03-07 15:43:12 -0800},
	Date-Modified = {2012-03-07 15:44:53 -0800},
	Journal = {Management Science},
	Month = {September},
	Number = {1},
	Pages = {98-108},
	Title = {Rearranging Matrices to Block-Angular Form for Decomposition (and Other) Algorithms},
	Volume = {18},
	Year = {1971},
	Bdsk-File-1 = {YnBsaXN0MDDUAQIDBAUIJidUJHRvcFgkb2JqZWN0c1gkdmVyc2lvblkkYXJjaGl2ZXLRBgdUcm9vdIABqAkKFRYXGyIjVSRudWxs0wsMDQ4RFFpOUy5vYmplY3RzV05TLmtleXNWJGNsYXNzog8QgASABqISE4ACgAOAB1lhbGlhc0RhdGFccmVsYXRpdmVQYXRo0hgNGRpXTlMuZGF0YU8RAZgAAAAAAZgAAgAADE1hY2ludG9zaCBIRAAAAAAAAAAAAAAAAAAAAMjAyCZIKwAAAA3tLhBXZWlsX0tldHRsZXIucGRmAAAAAAAAAAAAAAAAAAAAAAAAAAAAAAAAAAAAAAAAAAAAAAAAAAAAAAAAAAAAAAAADgzyxnva2FBERiBDQVJPAAMAAgAACSAAAAAAAAAAAAAAAAAAAAAIYXJ0aWNsZXMAEAAIAADIwSqWAAAAEQAIAADGfD1IAAAAAQAQAA3tLgAN1ewACmqRAARnUQACAD1NYWNpbnRvc2ggSEQ6VXNlcnM6amxyaW9zOkRvY3VtZW50czphcnRpY2xlczpXZWlsX0tldHRsZXIucGRmAAAOACIAEABXAGUAaQBsAF8ASwBlAHQAdABsAGUAcgAuAHAAZABmAA8AGgAMAE0AYQBjAGkAbgB0AG8AcwBoACAASABEABIAMFVzZXJzL2pscmlvcy9Eb2N1bWVudHMvYXJ0aWNsZXMvV2VpbF9LZXR0bGVyLnBkZgATAAEvAAAVAAIADf//AACABdIcHR4fWCRjbGFzc2VzWiRjbGFzc25hbWWjHyAhXU5TTXV0YWJsZURhdGFWTlNEYXRhWE5TT2JqZWN0XxAiLi4vLi4vLi4vYXJ0aWNsZXMvV2VpbF9LZXR0bGVyLnBkZtIcHSQloiUhXE5TRGljdGlvbmFyeRIAAYagXxAPTlNLZXllZEFyY2hpdmVyAAgAEQAWAB8AKAAyADUAOgA8AEUASwBSAF0AZQBsAG8AcQBzAHYAeAB6AHwAhgCTAJgAoAI8Aj4CQwJMAlcCWwJpAnACeQKeAqMCpgKzArgAAAAAAAACAQAAAAAAAAAoAAAAAAAAAAAAAAAAAAACyg==}}

@misc{cplexmanual,
	Author = {IBM},
	Date-Added = {2011-09-15 14:55:48 -0700},
	Date-Modified = {2011-09-15 14:56:57 -0700},
	Title = {User's Manual for {CPLEX}},
	Year = {2009}}

@misc{gams,
	Author = {{GAMS Development Corporation}},
	Date-Added = {2010-09-20 13:05:28 -0700},
	Date-Modified = {2010-09-20 13:08:03 -0700},
	Howpublished = {\url{http://www.gams.com/}},
	Title = {General Algebraic Modeling System ({GAMS})},
	Year = {2010}}

@incollection{Gelinas05,
	Affiliation = {{\'E}cole Polytechnique and GERAD Canada},
	Author = {G{\'e}linas, Sylvie and Soumis, Fran{\c c}ois},
	Booktitle = {Column Generation},
	Date-Added = {2010-08-18 18:11:36 -0700},
	Date-Modified = {2010-08-19 14:48:03 -0700},
	Editor = {Desaulniers, Guy and Desrosiers, Jacques and Solomon, Marius M.},
	Isbn = {978-0-387-25486-9},
	Keyword = {Economics/Management Science},
	Pages = {271-302},
	Publisher = {Springer US},
	Title = {Dantzig-Wolfe Decomposition for Job Shop Scheduling},
	Year = {2005},
	Bdsk-Url-1 = {http://dx.doi.org/10.1007/0-387-25486-2_10}}

@incollection{Ho89,
	Author = {James K. Ho and R. P. Sundarraj},
	Booktitle = {Lecture Notes in Economics and Mathematical Systems},
	Date-Added = {2010-08-18 18:10:32 -0700},
	Date-Modified = {2012-08-22 18:27:26 -0700},
	Publisher = {Springer-Verlag},
	Title = {DECOMP: an implementation of Dantzig--Wolfe Decomposition for Linear Programming},
	Volume = {338},
	Year = {1989}}

@article{Fu05,
	Author = {Yong Fu and Mohammad Shahidehpour and Zuyi Li},
	Date-Added = {2010-08-18 17:51:59 -0700},
	Date-Modified = {2010-08-18 17:57:14 -0700},
	Journal = {IEEE Transactions on Power Systems},
	Month = {Nov.},
	Number = {4},
	Pages = {2093-2106},
	Title = {Long-Term Security-Constrained Unit Commitment: Hybrid Dantzig--Wolfe Decomposition and Subgradient Approach},
	Volume = {20},
	Year = {2005}}

@article{Barnhart98,
	Author = {Cynthia Barnhart and Ellis L. Johnson and George L. Nemhauser and Martin W.P. Savelsbergh and Pamela H. Vance},
	Date-Added = {2010-08-18 17:43:45 -0700},
	Date-Modified = {2010-08-18 17:45:41 -0700},
	Journal = {Operation Research},
	Month = {May-June},
	Number = {3},
	Title = {Branch-and-Price: Column Generation for Solving Huge Integer Programs},
	Volume = {46},
	Year = {1998}}

@book{Tanenbaum07,
	Author = {Andrew Tanenbaum},
	Date-Added = {2010-08-16 13:58:50 -0700},
	Date-Modified = {2010-08-16 13:58:50 -0700},
	Edition = {3rd},
	Publisher = {Prentice Hall},
	Title = {Modern Operating Systems},
	Year = {2007}}

@book{Downey08,
	Author = {Allen B. Downey},
	Date-Added = {2010-08-16 13:58:39 -0700},
	Date-Modified = {2010-08-16 13:58:39 -0700},
	Edition = {2.1.5},
	Publisher = {Self-published},
	Title = {The Little Book of Semaphores},
	Year = {2008},
	Bdsk-File-1 = {YnBsaXN0MDDUAQIDBAUIJidUJHRvcFgkb2JqZWN0c1gkdmVyc2lvblkkYXJjaGl2ZXLRBgdUcm9vdIABqAkKFRYXGyIjVSRudWxs0wsMDQ4RFFpOUy5vYmplY3RzV05TLmtleXNWJGNsYXNzog8QgASABqISE4ACgAOAB1lhbGlhc0RhdGFccmVsYXRpdmVQYXRo0hgNGRpXTlMuZGF0YU8RAbAAAAAAAbAAAgAADE1hY2ludG9zaCBIRAAAAAAAAAAAAAAAAAAAAMjAyCZIKwAAAA3tLhZkb3duZXkwOHNlbWFwaG9yZXMucGRmAAAAAAAAAAAAAAAAAAAAAAAAAAAAAAAAAAAAAAAAAAAAAAAAAAAAAAAADfTIxJlTdgAAAAAAAAAAAAMAAgAACSAAAAAAAAAAAAAAAAAAAAAIYXJ0aWNsZXMAEAAIAADIwSqWAAAAEQAIAADEmbXmAAAAAQAQAA3tLgAN1ewACmqRAARnUQACAENNYWNpbnRvc2ggSEQ6VXNlcnM6amxyaW9zOkRvY3VtZW50czphcnRpY2xlczpkb3duZXkwOHNlbWFwaG9yZXMucGRmAAAOAC4AFgBkAG8AdwBuAGUAeQAwADgAcwBlAG0AYQBwAGgAbwByAGUAcwAuAHAAZABmAA8AGgAMAE0AYQBjAGkAbgB0AG8AcwBoACAASABEABIANlVzZXJzL2pscmlvcy9Eb2N1bWVudHMvYXJ0aWNsZXMvZG93bmV5MDhzZW1hcGhvcmVzLnBkZgATAAEvAAAVAAIADf//AACABdIcHR4fWCRjbGFzc2VzWiRjbGFzc25hbWWjHyAhXU5TTXV0YWJsZURhdGFWTlNEYXRhWE5TT2JqZWN0XxAoLi4vLi4vLi4vYXJ0aWNsZXMvZG93bmV5MDhzZW1hcGhvcmVzLnBkZtIcHSQloiUhXE5TRGljdGlvbmFyeRIAAYagXxAPTlNLZXllZEFyY2hpdmVyAAgAEQAWAB8AKAAyADUAOgA8AEUASwBSAF0AZQBsAG8AcQBzAHYAeAB6AHwAhgCTAJgAoAJUAlYCWwJkAm8CcwKBAogCkQK8AsECxALRAtYAAAAAAAACAQAAAAAAAAAoAAAAAAAAAAAAAAAAAAAC6A==}}

@incollection{Danninger09,
	Author = {Gabriele E. Danninger-Uchida},
	Bibsource = {DBLP, http://dblp.uni-trier.de},
	Booktitle = {Encyclopedia of Optimization},
	Crossref = {DBLP:reference/opt/2009},
	Date-Added = {2010-04-23 11:09:25 -0700},
	Date-Modified = {2010-04-23 11:10:07 -0700},
	Ee = {http://dx.doi.org/10.1007/978-0-387-74759-0_64},
	Pages = {358-359},
	Title = {Carath{\'e}odory Theorem},
	Year = {2009}}

@book{DBLP:reference/opt/2009,
	Bibsource = {DBLP, http://dblp.uni-trier.de},
	Date-Added = {2010-04-23 11:09:25 -0700},
	Date-Modified = {2010-04-23 11:09:26 -0700},
	Editor = {Christodoulos A. Floudas and Panos M. Pardalos},
	Isbn = {978-0-387-74758-3},
	Publisher = {Springer},
	Title = {Encyclopedia of Optimization, Second Edition},
	Year = {2009}}

@article{Bixby94,
	Author = {Robert E. Bixby and Matthew J. Saltzman},
	Date-Added = {2010-02-05 15:47:59 -0800},
	Date-Modified = {2010-02-05 15:47:59 -0800},
	Journal = {Operations Research Letters},
	Pages = {169-178},
	Title = {Recovering an Optimal Basis from and Interior Point Solution},
	Volume = {15},
	Year = {1994}}

@article{Krivonozhko92,
	Author = {V. E. Krivonozhko},
	Date-Added = {2010-02-05 15:42:53 -0800},
	Date-Modified = {2010-02-05 15:44:33 -0800},
	Journal = {Optimization Methods and Software},
	Pages = {311-337},
	Title = {On Comparison of Solution Trajectories between Dantzig-Wolfe Decomposition and Basis Factorization},
	Volume = {1},
	Year = {1992}}

@article{RiosRoss10,
	Author = {Joseph Rios and Kevin Ross},
	Date-Added = {2010-02-05 15:42:28 -0800},
	Date-Modified = {2010-02-05 15:42:28 -0800},
	Journal = {Journal of Aerospace Computing, Information, and Communication},
	Month = {January},
	Number = {1},
	Pages = {32-45},
	Rating = {5},
	Read = {Yes},
	Title = {Massively Parallel Dantzig-Wolfe Decomposition Applied to Traffic Flow Scheduling},
	Volume = {7},
	Year = {2010},
	Bdsk-File-1 = {YnBsaXN0MDDUAQIDBAUIJidUJHRvcFgkb2JqZWN0c1gkdmVyc2lvblkkYXJjaGl2ZXLRBgdUcm9vdIABqAkKFRYXGyIjVSRudWxs0wsMDQ4RFFpOUy5vYmplY3RzV05TLmtleXNWJGNsYXNzog8QgASABqISE4ACgAOAB1lhbGlhc0RhdGFccmVsYXRpdmVQYXRo0hgNGRpXTlMuZGF0YU8RAcoAAAAAAcoAAgAADE1hY2ludG9zaCBIRAAAAAAAAAAAAAAAAAAAAMjAyCZIKwAAAA4qbBRSaW9zUm9zc19KQUNJQzEwLnBkZgAAAAAAAAAAAAAAAAAAAAAAAAAAAAAAAAAAAAAAAAAAAAAAAAAAAAAAAAAADi9ux5HHSwAAAAAAAAAAAAIAAQAACSAAAAAAAAAAAAAAAAAAAAATSm91cm5hbCBTdWJtaXNzaW9ucwAAEAAIAADIwSqWAAAAEQAIAADHkjfLAAAAAQAQAA4qbAAN1ewACmqRAARnUQACAExNYWNpbnRvc2ggSEQ6VXNlcnM6amxyaW9zOkRvY3VtZW50czpKb3VybmFsIFN1Ym1pc3Npb25zOlJpb3NSb3NzX0pBQ0lDMTAucGRmAA4AKgAUAFIAaQBvAHMAUgBvAHMAcwBfAEoAQQBDAEkAQwAxADAALgBwAGQAZgAPABoADABNAGEAYwBpAG4AdABvAHMAaAAgAEgARAASAD9Vc2Vycy9qbHJpb3MvRG9jdW1lbnRzL0pvdXJuYWwgU3VibWlzc2lvbnMvUmlvc1Jvc3NfSkFDSUMxMC5wZGYAABMAAS8AABUAAgAN//8AAIAF0hwdHh9YJGNsYXNzZXNaJGNsYXNzbmFtZaMfICFdTlNNdXRhYmxlRGF0YVZOU0RhdGFYTlNPYmplY3RfEBouLi8uLi9SaW9zUm9zc19KQUNJQzEwLnBkZtIcHSQloiUhXE5TRGljdGlvbmFyeRIAAYagXxAPTlNLZXllZEFyY2hpdmVyAAgAEQAWAB8AKAAyADUAOgA8AEUASwBSAF0AZQBsAG8AcQBzAHYAeAB6AHwAhgCTAJgAoAJuAnACdQJ+AokCjQKbAqICqwLIAs0C0ALdAuIAAAAAAAACAQAAAAAAAAAoAAAAAAAAAAAAAAAAAAAC9A==}}

@article{RiosRossDWComp,
	Author = {Joseph Rios and Kevin Ross},
	Date-Added = {2009-11-24 18:04:07 -0800},
	Date-Modified = {2009-11-24 18:05:27 -0800},
	Journal = {Journal of Aerospace Computing, Information, and Communication},
	Number = {x},
	Pages = {x},
	Title = {Massively Parallel Dantzig-Wolfe Decomposition Applied to Traffic Flow Scheduling},
	Volume = {x},
	Year = {2009}}

@article{Goncalves69,
	Author = {A.S. Goncalves},
	Date-Added = {2009-11-20 09:40:28 -0800},
	Date-Modified = {2009-11-20 09:41:27 -0800},
	Journal = {Operational Research Quarterly},
	Month = {June},
	Number = {2},
	Pages = {276},
	Read = {Yes},
	Title = {Mr. Goncalves Replies},
	Volume = {20},
	Year = {1969},
	Bdsk-File-1 = {YnBsaXN0MDDUAQIDBAUIJidUJHRvcFgkb2JqZWN0c1gkdmVyc2lvblkkYXJjaGl2ZXLRBgdUcm9vdIABqAkKFRYXGyIjVSRudWxs0wsMDQ4RFFpOUy5vYmplY3RzV05TLmtleXNWJGNsYXNzog8QgASABqISE4ACgAOAB1lhbGlhc0RhdGFccmVsYXRpdmVQYXRo0hgNGRpXTlMuZGF0YU8RAaQAAAAAAaQAAgAADE1hY2ludG9zaCBIRAAAAAAAAAAAAAAAAAAAAMjAyCZIKwAAAA3tLhNHb25jYWx2ZXNfcmVwbHkucGRmAAAAAAAAAAAAAAAAAAAAAAAAAAAAAAAAAAAAAAAAAAAAAAAAAAAAAAAAAAAADfvLxywEnFBERiBDQVJPAAMAAgAACSAAAAAAAAAAAAAAAAAAAAAIYXJ0aWNsZXMAEAAIAADIwSqWAAAAEQAIAADHLHUcAAAAAQAQAA3tLgAN1ewACmqRAARnUQACAEBNYWNpbnRvc2ggSEQ6VXNlcnM6amxyaW9zOkRvY3VtZW50czphcnRpY2xlczpHb25jYWx2ZXNfcmVwbHkucGRmAA4AKAATAEcAbwBuAGMAYQBsAHYAZQBzAF8AcgBlAHAAbAB5AC4AcABkAGYADwAaAAwATQBhAGMAaQBuAHQAbwBzAGgAIABIAEQAEgAzVXNlcnMvamxyaW9zL0RvY3VtZW50cy9hcnRpY2xlcy9Hb25jYWx2ZXNfcmVwbHkucGRmAAATAAEvAAAVAAIADf//AACABdIcHR4fWCRjbGFzc2VzWiRjbGFzc25hbWWjHyAhXU5TTXV0YWJsZURhdGFWTlNEYXRhWE5TT2JqZWN0XxAlLi4vLi4vLi4vYXJ0aWNsZXMvR29uY2FsdmVzX3JlcGx5LnBkZtIcHSQloiUhXE5TRGljdGlvbmFyeRIAAYagXxAPTlNLZXllZEFyY2hpdmVyAAgAEQAWAB8AKAAyADUAOgA8AEUASwBSAF0AZQBsAG8AcQBzAHYAeAB6AHwAhgCTAJgAoAJIAkoCTwJYAmMCZwJ1AnwChQKtArICtQLCAscAAAAAAAACAQAAAAAAAAAoAAAAAAAAAAAAAAAAAAAC2Q==}}

@article{Appa69,
	Author = {G.M. Appa},
	Date-Added = {2009-11-20 09:35:35 -0800},
	Date-Modified = {2009-11-20 09:40:11 -0800},
	Journal = {Operational Research Quarterly},
	Month = {June},
	Number = {2},
	Pages = {275},
	Read = {Yes},
	Title = {Dantzig-Wolfe Decomposition Algorithm},
	Volume = {20},
	Year = {1969},
	Bdsk-File-1 = {YnBsaXN0MDDUAQIDBAUIJidUJHRvcFgkb2JqZWN0c1gkdmVyc2lvblkkYXJjaGl2ZXLRBgdUcm9vdIABqAkKFRYXGyIjVSRudWxs0wsMDQ4RFFpOUy5vYmplY3RzV05TLmtleXNWJGNsYXNzog8QgASABqISE4ACgAOAB1lhbGlhc0RhdGFccmVsYXRpdmVQYXRo0hgNGRpXTlMuZGF0YU8RAdAAAAAAAdAAAgAADE1hY2ludG9zaCBIRAAAAAAAAAAAAAAAAAAAAMjAyCZIKwAAAA3tLh5BcHBhX0RhbnR6aWdXb2xmZUdvbmNhbHZlcy5wZGYAAAAAAAAAAAAAAAAAAAAAAAAAAAAAAAAAAAAAAAAAAAAADe5OxytbXVBERiBDQVJPAAMAAgAACSAAAAAAAAAAAAAAAAAAAAAIYXJ0aWNsZXMAEAAIAADIwSqWAAAAEQAIAADHK8vdAAAAAQAQAA3tLgAN1ewACmqRAARnUQACAEtNYWNpbnRvc2ggSEQ6VXNlcnM6amxyaW9zOkRvY3VtZW50czphcnRpY2xlczpBcHBhX0RhbnR6aWdXb2xmZUdvbmNhbHZlcy5wZGYAAA4APgAeAEEAcABwAGEAXwBEAGEAbgB0AHoAaQBnAFcAbwBsAGYAZQBHAG8AbgBjAGEAbAB2AGUAcwAuAHAAZABmAA8AGgAMAE0AYQBjAGkAbgB0AG8AcwBoACAASABEABIAPlVzZXJzL2pscmlvcy9Eb2N1bWVudHMvYXJ0aWNsZXMvQXBwYV9EYW50emlnV29sZmVHb25jYWx2ZXMucGRmABMAAS8AABUAAgAN//8AAIAF0hwdHh9YJGNsYXNzZXNaJGNsYXNzbmFtZaMfICFdTlNNdXRhYmxlRGF0YVZOU0RhdGFYTlNPYmplY3RfEDAuLi8uLi8uLi9hcnRpY2xlcy9BcHBhX0RhbnR6aWdXb2xmZUdvbmNhbHZlcy5wZGbSHB0kJaIlIVxOU0RpY3Rpb25hcnkSAAGGoF8QD05TS2V5ZWRBcmNoaXZlcgAIABEAFgAfACgAMgA1ADoAPABFAEsAUgBdAGUAbABvAHEAcwB2AHgAegB8AIYAkwCYAKACdAJ2AnsChAKPApMCoQKoArEC5ALpAuwC+QL+AAAAAAAAAgEAAAAAAAAAKAAAAAAAAAAAAAAAAAAAAxA=}}

@article{Goncalves68,
	Author = {A.S. Goncalves},
	Date-Added = {2009-11-16 16:40:03 -0800},
	Date-Modified = {2009-11-16 16:41:23 -0800},
	Journal = {Operational Research Quarterly},
	Month = {December},
	Number = {4},
	Pages = {465-469},
	Title = {Basic Feasible Solutions and the Dantzig-Wolfe Decomposition Algorithm},
	Volume = {19},
	Year = {1968},
	Bdsk-File-1 = {YnBsaXN0MDDUAQIDBAUIJidUJHRvcFgkb2JqZWN0c1gkdmVyc2lvblkkYXJjaGl2ZXLRBgdUcm9vdIABqAkKFRYXGyIjVSRudWxs0wsMDQ4RFFpOUy5vYmplY3RzV05TLmtleXNWJGNsYXNzog8QgASABqISE4ACgAOAB1lhbGlhc0RhdGFccmVsYXRpdmVQYXRo0hgNGRpXTlMuZGF0YU8RAagAAAAAAagAAgAADE1hY2ludG9zaCBIRAAAAAAAAAAAAAAAAAAAAMjAyCZIKwAAAA3tLhRHb25jYWx2ZXNfQkZTX0RXLnBkZgAAAAAAAAAAAAAAAAAAAAAAAAAAAAAAAAAAAAAAAAAAAAAAAAAAAAAAAAAADfusxugUi1BERiBDQVJPAAMAAgAACSAAAAAAAAAAAAAAAAAAAAAIYXJ0aWNsZXMAEAAIAADIwSqWAAAAEQAIAADG6Hb7AAAAAQAQAA3tLgAN1ewACmqRAARnUQACAEFNYWNpbnRvc2ggSEQ6VXNlcnM6amxyaW9zOkRvY3VtZW50czphcnRpY2xlczpHb25jYWx2ZXNfQkZTX0RXLnBkZgAADgAqABQARwBvAG4AYwBhAGwAdgBlAHMAXwBCAEYAUwBfAEQAVwAuAHAAZABmAA8AGgAMAE0AYQBjAGkAbgB0AG8AcwBoACAASABEABIANFVzZXJzL2pscmlvcy9Eb2N1bWVudHMvYXJ0aWNsZXMvR29uY2FsdmVzX0JGU19EVy5wZGYAEwABLwAAFQACAA3//wAAgAXSHB0eH1gkY2xhc3Nlc1okY2xhc3NuYW1lox8gIV1OU011dGFibGVEYXRhVk5TRGF0YVhOU09iamVjdF8QJi4uLy4uLy4uL2FydGljbGVzL0dvbmNhbHZlc19CRlNfRFcucGRm0hwdJCWiJSFcTlNEaWN0aW9uYXJ5EgABhqBfEA9OU0tleWVkQXJjaGl2ZXIACAARABYAHwAoADIANQA6ADwARQBLAFIAXQBlAGwAbwBxAHMAdgB4AHoAfACGAJMAmACgAkwCTgJTAlwCZwJrAnkCgAKJArICtwK6AscCzAAAAAAAAAIBAAAAAAAAACgAAAAAAAAAAAAAAAAAAALe}}

@book{Silberschatz08,
	Author = {Abraham Silberschatz and Peter B. Galvin and Greg Gagne},
	Date-Added = {2009-11-10 20:00:56 -0800},
	Date-Modified = {2009-11-10 20:04:22 -0800},
	Edition = {8th},
	Publisher = {Wiley},
	Title = {Operating Systems Concepts},
	Year = {2008}}

@article{Ingber89,
	Author = {Lester Ingber},
	Date-Added = {2009-11-10 19:33:21 -0800},
	Date-Modified = {2009-11-10 19:33:21 -0800},
	Journal = {Mathematical and Computer Modelling},
	Pages = {967-973},
	Title = {Very fast simulated re-annealing},
	Volume = {12},
	Year = {1989}}

@inproceedings{Sood07,
	Author = {Neera Sood and Sandeep Mulgund and Craig Wanke and Daniel Greenbaum},
	Booktitle = {AIAA Guidance, Navigation, and Control Conference and Exhibit},
	Date-Added = {2009-11-10 14:05:21 -0800},
	Date-Modified = {2009-11-10 14:05:21 -0800},
	Month = {August},
	Organization = {AIAA},
	Title = {Multi-Objective Genetic Algorithm for Solving Airspace Congestion Problems},
	Year = {2007},
	Bdsk-File-1 = {YnBsaXN0MDDUAQIDBAUIJidUJHRvcFgkb2JqZWN0c1gkdmVyc2lvblkkYXJjaGl2ZXLRBgdUcm9vdIABqAkKFRYXGyIjVSRudWxs0wsMDQ4RFFpOUy5vYmplY3RzV05TLmtleXNWJGNsYXNzog8QgASABqISE4ACgAOAB1lhbGlhc0RhdGFccmVsYXRpdmVQYXRo0hgNGRpXTlMuZGF0YU8RAawAAAAAAawAAgAADE1hY2ludG9zaCBIRAAAAAAAAAAAAAAAAAAAAMjAyCZIKwAAAA3tLhVHQS1tdWx0aW9iamVjdGl2ZS5wZGYAAAAAAAAAAAAAAAAAAAAAAAAAAAAAAAAAAAAAAAAAAAAAAAAAAAAAAAAADfltxoKlxFBERiBDQVJPAAMAAgAACSAAAAAAAAAAAAAAAAAAAAAIYXJ0aWNsZXMAEAAIAADIwSqWAAAAEQAIAADGgwg0AAAAAQAQAA3tLgAN1ewACmqRAARnUQACAEJNYWNpbnRvc2ggSEQ6VXNlcnM6amxyaW9zOkRvY3VtZW50czphcnRpY2xlczpHQS1tdWx0aW9iamVjdGl2ZS5wZGYADgAsABUARwBBAC0AbQB1AGwAdABpAG8AYgBqAGUAYwB0AGkAdgBlAC4AcABkAGYADwAaAAwATQBhAGMAaQBuAHQAbwBzAGgAIABIAEQAEgA1VXNlcnMvamxyaW9zL0RvY3VtZW50cy9hcnRpY2xlcy9HQS1tdWx0aW9iamVjdGl2ZS5wZGYAABMAAS8AABUAAgAN//8AAIAF0hwdHh9YJGNsYXNzZXNaJGNsYXNzbmFtZaMfICFdTlNNdXRhYmxlRGF0YVZOU0RhdGFYTlNPYmplY3RfECcuLi8uLi8uLi9hcnRpY2xlcy9HQS1tdWx0aW9iamVjdGl2ZS5wZGbSHB0kJaIlIVxOU0RpY3Rpb25hcnkSAAGGoF8QD05TS2V5ZWRBcmNoaXZlcgAIABEAFgAfACgAMgA1ADoAPABFAEsAUgBdAGUAbABvAHEAcwB2AHgAegB8AIYAkwCYAKACUAJSAlcCYAJrAm8CfQKEAo0CtwK8Ar8CzALRAAAAAAAAAgEAAAAAAAAAKAAAAAAAAAAAAAAAAAAAAuM=}}

@inproceedings{Tandale07,
	Author = {Monish Tandale and P.K. Menon},
	Booktitle = {AIAA Guidance, Navigation, and Control Conference and Exhibit},
	Date-Added = {2009-11-10 12:14:41 -0800},
	Date-Modified = {2009-11-10 12:14:41 -0800},
	Month = {August},
	Organization = {AIAA},
	Title = {Genetic Algorithm Based Ground Delay Program Computations for Sector Density Control},
	Year = {2007},
	Bdsk-File-1 = {YnBsaXN0MDDUAQIDBAUIJidUJHRvcFgkb2JqZWN0c1gkdmVyc2lvblkkYXJjaGl2ZXLRBgdUcm9vdIABqAkKFRYXGyIjVSRudWxs0wsMDQ4RFFpOUy5vYmplY3RzV05TLmtleXNWJGNsYXNzog8QgASABqISE4ACgAOAB1lhbGlhc0RhdGFccmVsYXRpdmVQYXRo0hgNGRpXTlMuZGF0YU8RAZQAAAAAAZQAAgAADE1hY2ludG9zaCBIRAAAAAAAAAAAAAAAAAAAAMjAyCZIKwAAAA3tLg9UYW5kYWxlR0EwNy5wZGYAAAAAAAAAAAAAAAAAAAAAAAAAAAAAAAAAAAAAAAAAAAAAAAAAAAAAAAAAAAAAAAAADgqUxoKmlFBERiBDQVJPAAMAAgAACSAAAAAAAAAAAAAAAAAAAAAIYXJ0aWNsZXMAEAAIAADIwSqWAAAAEQAIAADGgwkEAAAAAQAQAA3tLgAN1ewACmqRAARnUQACADxNYWNpbnRvc2ggSEQ6VXNlcnM6amxyaW9zOkRvY3VtZW50czphcnRpY2xlczpUYW5kYWxlR0EwNy5wZGYADgAgAA8AVABhAG4AZABhAGwAZQBHAEEAMAA3AC4AcABkAGYADwAaAAwATQBhAGMAaQBuAHQAbwBzAGgAIABIAEQAEgAvVXNlcnMvamxyaW9zL0RvY3VtZW50cy9hcnRpY2xlcy9UYW5kYWxlR0EwNy5wZGYAABMAAS8AABUAAgAN//8AAIAF0hwdHh9YJGNsYXNzZXNaJGNsYXNzbmFtZaMfICFdTlNNdXRhYmxlRGF0YVZOU0RhdGFYTlNPYmplY3RfECEuLi8uLi8uLi9hcnRpY2xlcy9UYW5kYWxlR0EwNy5wZGbSHB0kJaIlIVxOU0RpY3Rpb25hcnkSAAGGoF8QD05TS2V5ZWRBcmNoaXZlcgAIABEAFgAfACgAMgA1ADoAPABFAEsAUgBdAGUAbABvAHEAcwB2AHgAegB8AIYAkwCYAKACOAI6Aj8CSAJTAlcCZQJsAnUCmQKeAqECrgKzAAAAAAAAAgEAAAAAAAAAKAAAAAAAAAAAAAAAAAAAAsU=}}

@inproceedings{Syswerda91,
	Address = {San Diego, CA},
	Author = {G. Syswerda and J. Palmucci},
	Booktitle = {Proc. of the Fourth International Conference on Genetic Algorithms},
	Date-Added = {2009-11-10 12:14:33 -0800},
	Date-Modified = {2009-11-10 12:14:33 -0800},
	Editor = {Richard Belew and Lashon Booker},
	Pages = {502-508},
	Title = {The Application of Genetic Algorithms to Resource Scheduling},
	Year = {1991}}

@article{Dijkstra65,
	Author = {Edsger W. Dijkstra},
	Date-Added = {2009-11-09 15:41:31 -0800},
	Date-Modified = {2010-08-18 13:23:11 -0700},
	Journal = {Commun. ACM},
	Month = {Sept.},
	Number = {9},
	Pages = {569},
	Read = {Yes},
	Title = {Solution of a Problem in Concurrent Programming Control},
	Volume = {8},
	Year = {1965},
	Bdsk-File-1 = {YnBsaXN0MDDUAQIDBAUIJidUJHRvcFgkb2JqZWN0c1gkdmVyc2lvblkkYXJjaGl2ZXLRBgdUcm9vdIABqAkKFRYXGyIjVSRudWxs0wsMDQ4RFFpOUy5vYmplY3RzV05TLmtleXNWJGNsYXNzog8QgASABqISE4ACgAOAB1lhbGlhc0RhdGFccmVsYXRpdmVQYXRo0hgNGRpXTlMuZGF0YU8RAcQAAAAAAcQAAgAADE1hY2ludG9zaCBIRAAAAAAAAAAAAAAAAAAAAMjAyCZIKwAAAA3tLhtkaWprc3RyYV9wcm9iQ29uY3VycmVudC5wZGYAAAAAAAAAAAAAAAAAAAAAAAAAAAAAAAAAAAAAAAAAAAAAAAAEG73vxx3mGAAAAAAAAAAAAAMAAgAACSAAAAAAAAAAAAAAAAAAAAAIYXJ0aWNsZXMAEAAIAADIwSqWAAAAEQAIAADHHlaYAAAAAQAQAA3tLgAN1ewACmqRAARnUQACAEhNYWNpbnRvc2ggSEQ6VXNlcnM6amxyaW9zOkRvY3VtZW50czphcnRpY2xlczpkaWprc3RyYV9wcm9iQ29uY3VycmVudC5wZGYADgA4ABsAZABpAGoAawBzAHQAcgBhAF8AcAByAG8AYgBDAG8AbgBjAHUAcgByAGUAbgB0AC4AcABkAGYADwAaAAwATQBhAGMAaQBuAHQAbwBzAGgAIABIAEQAEgA7VXNlcnMvamxyaW9zL0RvY3VtZW50cy9hcnRpY2xlcy9kaWprc3RyYV9wcm9iQ29uY3VycmVudC5wZGYAABMAAS8AABUAAgAN//8AAIAF0hwdHh9YJGNsYXNzZXNaJGNsYXNzbmFtZaMfICFdTlNNdXRhYmxlRGF0YVZOU0RhdGFYTlNPYmplY3RfEC0uLi8uLi8uLi9hcnRpY2xlcy9kaWprc3RyYV9wcm9iQ29uY3VycmVudC5wZGbSHB0kJaIlIVxOU0RpY3Rpb25hcnkSAAGGoF8QD05TS2V5ZWRBcmNoaXZlcgAIABEAFgAfACgAMgA1ADoAPABFAEsAUgBdAGUAbABvAHEAcwB2AHgAegB8AIYAkwCYAKACaAJqAm8CeAKDAocClQKcAqUC1QLaAt0C6gLvAAAAAAAAAgEAAAAAAAAAKAAAAAAAAAAAAAAAAAAAAwE=}}

@techreport{Dijkstra65b,
	Address = {Eindhoven, The Netherlands},
	Author = {Edsger W. Dijkstra},
	Date-Added = {2009-11-09 15:36:34 -0800},
	Date-Modified = {2012-08-23 17:47:28 -0700},
	Institution = {Technological University},
	Title = {Cooperating Sequential Processes},
	Year = {1965},
	Bdsk-File-1 = {YnBsaXN0MDDUAQIDBAUIJidUJHRvcFgkb2JqZWN0c1gkdmVyc2lvblkkYXJjaGl2ZXLRBgdUcm9vdIABqAkKFRYXGyIjVSRudWxs0wsMDQ4RFFpOUy5vYmplY3RzV05TLmtleXNWJGNsYXNzog8QgASABqISE4ACgAOAB1lhbGlhc0RhdGFccmVsYXRpdmVQYXRo0hgNGRpXTlMuZGF0YU8RAdwAAAAAAdwAAgAADE1hY2ludG9zaCBIRAAAAAAAAAAAAAAAAAAAAMjAyCZIKwAAAA3tLh9EaWprc3RyYV9jb29wZXJhdGluZ1MjREY0NjUucGRmAAAAAAAAAAAAAAAAAAAAAAAAAAAAAAAAAAAAAAAAAAAADfRlxx3ndFBERiBDQVJPAAMAAgAACSAAAAAAAAAAAAAAAAAAAAAIYXJ0aWNsZXMAEAAIAADIwSqWAAAAEQAIAADHHlf0AAAAAQAQAA3tLgAN1ewACmqRAARnUQACAExNYWNpbnRvc2ggSEQ6VXNlcnM6amxyaW9zOkRvY3VtZW50czphcnRpY2xlczpEaWprc3RyYV9jb29wZXJhdGluZ1MjREY0NjUucGRmAA4ARgAiAEQAaQBqAGsAcwB0AHIAYQBfAGMAbwBvAHAAZQByAGEAdABpAG4AZwBTAGUAcQB1AGUAbgB0AGkAYQBsAC4AcABkAGYADwAaAAwATQBhAGMAaQBuAHQAbwBzAGgAIABIAEQAEgBCVXNlcnMvamxyaW9zL0RvY3VtZW50cy9hcnRpY2xlcy9EaWprc3RyYV9jb29wZXJhdGluZ1NlcXVlbnRpYWwucGRmABMAAS8AABUAAgAN//8AAIAF0hwdHh9YJGNsYXNzZXNaJGNsYXNzbmFtZaMfICFdTlNNdXRhYmxlRGF0YVZOU0RhdGFYTlNPYmplY3RfEDQuLi8uLi8uLi9hcnRpY2xlcy9EaWprc3RyYV9jb29wZXJhdGluZ1NlcXVlbnRpYWwucGRm0hwdJCWiJSFcTlNEaWN0aW9uYXJ5EgABhqBfEA9OU0tleWVkQXJjaGl2ZXIACAARABYAHwAoADIANQA6ADwARQBLAFIAXQBlAGwAbwBxAHMAdgB4AHoAfACGAJMAmACgAoACggKHApACmwKfAq0CtAK9AvQC+QL8AwkDDgAAAAAAAAIBAAAAAAAAACgAAAAAAAAAAAAAAAAAAAMg}}

@techreport{Klee70,
	Author = {Victor Klee and George J. Minty},
	Date-Added = {2009-11-05 18:56:55 -0800},
	Date-Modified = {2009-11-05 19:00:51 -0800},
	Institution = {Department of Defense},
	Month = {February},
	Number = {TR-22},
	Title = {How Good Is the Simplex Algorithm},
	Year = {1970}}

@inproceedings{Wanke03,
	Address = {Austin, Texas},
	Author = {Craig Wanke and Michael B. Calllahan and Daniel Greenbaum and Anthony J. Masalonis},
	Booktitle = {AIAA Guidance, Navigation, and Control Conference},
	Date-Added = {2009-11-05 15:27:52 -0800},
	Date-Modified = {2009-11-05 15:29:19 -0800},
	Month = {August},
	Title = {Measuring Uncertainty in Airspace Demand Predictions for Traffic Flow Management Applications},
	Year = {2003},
	Bdsk-File-1 = {YnBsaXN0MDDUAQIDBAUIJidUJHRvcFgkb2JqZWN0c1gkdmVyc2lvblkkYXJjaGl2ZXLRBgdUcm9vdIABqAkKFRYXGyIjVSRudWxs0wsMDQ4RFFpOUy5vYmplY3RzV05TLmtleXNWJGNsYXNzog8QgASABqISE4ACgAOAB1lhbGlhc0RhdGFccmVsYXRpdmVQYXRo0hgNGRpXTlMuZGF0YU8RAbQAAAAAAbQAAgAADE1hY2ludG9zaCBIRAAAAAAAAAAAAAAAAAAAAMjAyCZIKwAAAA3tLhd3YW5rZV9wcmVkaWN0aW9uczAzLnBkZgAAAAAAAAAAAAAAAAAAAAAAAAAAAAAAAAAAAAAAAAAAAAAAAAAAAAAADgzTxxifZ1BERiBDQVJPAAMAAgAACSAAAAAAAAAAAAAAAAAAAAAIYXJ0aWNsZXMAEAAIAADIwSqWAAAAEQAIAADHGQ/nAAAAAQAQAA3tLgAN1ewACmqRAARnUQACAERNYWNpbnRvc2ggSEQ6VXNlcnM6amxyaW9zOkRvY3VtZW50czphcnRpY2xlczp3YW5rZV9wcmVkaWN0aW9uczAzLnBkZgAOADAAFwB3AGEAbgBrAGUAXwBwAHIAZQBkAGkAYwB0AGkAbwBuAHMAMAAzAC4AcABkAGYADwAaAAwATQBhAGMAaQBuAHQAbwBzAGgAIABIAEQAEgA3VXNlcnMvamxyaW9zL0RvY3VtZW50cy9hcnRpY2xlcy93YW5rZV9wcmVkaWN0aW9uczAzLnBkZgAAEwABLwAAFQACAA3//wAAgAXSHB0eH1gkY2xhc3Nlc1okY2xhc3NuYW1lox8gIV1OU011dGFibGVEYXRhVk5TRGF0YVhOU09iamVjdF8QKS4uLy4uLy4uL2FydGljbGVzL3dhbmtlX3ByZWRpY3Rpb25zMDMucGRm0hwdJCWiJSFcTlNEaWN0aW9uYXJ5EgABhqBfEA9OU0tleWVkQXJjaGl2ZXIACAARABYAHwAoADIANQA6ADwARQBLAFIAXQBlAGwAbwBxAHMAdgB4AHoAfACGAJMAmACgAlgCWgJfAmgCcwJ3AoUCjAKVAsECxgLJAtYC2wAAAAAAAAIBAAAAAAAAACgAAAAAAAAAAAAAAAAAAALt}}

@inproceedings{Wieland08,
	Address = {Honolulu, Hawaii},
	Author = {Frederick Wieland and George Hunter and Lance Sherry},
	Booktitle = {AIAA Modeling and Simulation Technologies Conference and Exhibit},
	Date-Added = {2009-11-05 15:20:16 -0800},
	Date-Modified = {2009-11-05 15:21:38 -0800},
	Month = {August},
	Title = {Assessing NextGen's Susceptibility to Gaming Strategies},
	Year = {2008},
	Bdsk-File-1 = {YnBsaXN0MDDUAQIDBAUIJidUJHRvcFgkb2JqZWN0c1gkdmVyc2lvblkkYXJjaGl2ZXLRBgdUcm9vdIABqAkKFRYXGyIjVSRudWxs0wsMDQ4RFFpOUy5vYmplY3RzV05TLmtleXNWJGNsYXNzog8QgASABqISE4ACgAOAB1lhbGlhc0RhdGFccmVsYXRpdmVQYXRo0hgNGRpXTlMuZGF0YU8RAbgAAAAAAbgAAgAADE1hY2ludG9zaCBIRAAAAAAAAAAAAAAAAAAAAMjAyCZIKwAAAA3tLhhXaWVsYW5kR2FtaW5nTmV4dEdlbi5wZGYAAAAAAAAAAAAAAAAAAAAAAAAAAAAAAAAAAAAAAAAAAAAAAAAAAAAADg0xxxidrFBERiBDQVJPAAMAAgAACSAAAAAAAAAAAAAAAAAAAAAIYXJ0aWNsZXMAEAAIAADIwSqWAAAAEQAIAADHGQ4sAAAAAQAQAA3tLgAN1ewACmqRAARnUQACAEVNYWNpbnRvc2ggSEQ6VXNlcnM6amxyaW9zOkRvY3VtZW50czphcnRpY2xlczpXaWVsYW5kR2FtaW5nTmV4dEdlbi5wZGYAAA4AMgAYAFcAaQBlAGwAYQBuAGQARwBhAG0AaQBuAGcATgBlAHgAdABHAGUAbgAuAHAAZABmAA8AGgAMAE0AYQBjAGkAbgB0AG8AcwBoACAASABEABIAOFVzZXJzL2pscmlvcy9Eb2N1bWVudHMvYXJ0aWNsZXMvV2llbGFuZEdhbWluZ05leHRHZW4ucGRmABMAAS8AABUAAgAN//8AAIAF0hwdHh9YJGNsYXNzZXNaJGNsYXNzbmFtZaMfICFdTlNNdXRhYmxlRGF0YVZOU0RhdGFYTlNPYmplY3RfECouLi8uLi8uLi9hcnRpY2xlcy9XaWVsYW5kR2FtaW5nTmV4dEdlbi5wZGbSHB0kJaIlIVxOU0RpY3Rpb25hcnkSAAGGoF8QD05TS2V5ZWRBcmNoaXZlcgAIABEAFgAfACgAMgA1ADoAPABFAEsAUgBdAGUAbABvAHEAcwB2AHgAegB8AIYAkwCYAKACXAJeAmMCbAJ3AnsCiQKQApkCxgLLAs4C2wLgAAAAAAAAAgEAAAAAAAAAKAAAAAAAAAAAAAAAAAAAAvI=}}

@article{Ho84,
	Author = {James K. Ho},
	Date-Added = {2009-11-05 14:40:04 -0800},
	Date-Modified = {2009-11-05 14:41:17 -0800},
	Journal = {Operations Research Letters},
	Month = {June},
	Number = {2},
	Pages = {91-94},
	Title = {Convergence Behavior of Decomposition Algorithms for Linear Programs},
	Volume = {3},
	Year = {1984},
	Bdsk-File-1 = {YnBsaXN0MDDUAQIDBAUIJidUJHRvcFgkb2JqZWN0c1gkdmVyc2lvblkkYXJjaGl2ZXLRBgdUcm9vdIABqAkKFRYXGyIjVSRudWxs0wsMDQ4RFFpOUy5vYmplY3RzV05TLmtleXNWJGNsYXNzog8QgASABqISE4ACgAOAB1lhbGlhc0RhdGFccmVsYXRpdmVQYXRo0hgNGRpXTlMuZGF0YU8RAcAAAAAAAcAAAgAADE1hY2ludG9zaCBIRAAAAAAAAAAAAAAAAAAAAMjAyCZIKwAAAA3tLhpIb19Db252ZXJnZW5jZUJlaGF2aW9yLnBkZgAAAAAAAAAAAAAAAAAAAAAAAAAAAAAAAAAAAAAAAAAAAAAAAAAADf8UxdLfSAAAAAAAAAAAAAMAAgAACSAAAAAAAAAAAAAAAAAAAAAIYXJ0aWNsZXMAEAAIAADIwSqWAAAAEQAIAADF00/IAAAAAQAQAA3tLgAN1ewACmqRAARnUQACAEdNYWNpbnRvc2ggSEQ6VXNlcnM6amxyaW9zOkRvY3VtZW50czphcnRpY2xlczpIb19Db252ZXJnZW5jZUJlaGF2aW9yLnBkZgAADgA2ABoASABvAF8AQwBvAG4AdgBlAHIAZwBlAG4AYwBlAEIAZQBoAGEAdgBpAG8AcgAuAHAAZABmAA8AGgAMAE0AYQBjAGkAbgB0AG8AcwBoACAASABEABIAOlVzZXJzL2pscmlvcy9Eb2N1bWVudHMvYXJ0aWNsZXMvSG9fQ29udmVyZ2VuY2VCZWhhdmlvci5wZGYAEwABLwAAFQACAA3//wAAgAXSHB0eH1gkY2xhc3Nlc1okY2xhc3NuYW1lox8gIV1OU011dGFibGVEYXRhVk5TRGF0YVhOU09iamVjdF8QLC4uLy4uLy4uL2FydGljbGVzL0hvX0NvbnZlcmdlbmNlQmVoYXZpb3IucGRm0hwdJCWiJSFcTlNEaWN0aW9uYXJ5EgABhqBfEA9OU0tleWVkQXJjaGl2ZXIACAARABYAHwAoADIANQA6ADwARQBLAFIAXQBlAGwAbwBxAHMAdgB4AHoAfACGAJMAmACgAmQCZgJrAnQCfwKDApECmAKhAtAC1QLYAuUC6gAAAAAAAAIBAAAAAAAAACgAAAAAAAAAAAAAAAAAAAL8}}

@inproceedings{Grabbe08,
	Address = {Honolulu, Hawaii},
	Author = {Shon Grabbe and Banavar Sridhar and Avijit Mukherjee},
	Booktitle = {AIAA Guidance, Navigation, and Control Conference and Exhibit},
	Date-Added = {2009-11-05 14:38:15 -0800},
	Date-Modified = {2009-11-05 14:39:07 -0800},
	Month = {August},
	Title = {Sequential Traffic Flow Optimization with Tactical Flight Control Heuristics},
	Year = {2008},
	Bdsk-File-1 = {YnBsaXN0MDDUAQIDBAUIJidUJHRvcFgkb2JqZWN0c1gkdmVyc2lvblkkYXJjaGl2ZXLRBgdUcm9vdIABqAkKFRYXGyIjVSRudWxs0wsMDQ4RFFpOUy5vYmplY3RzV05TLmtleXNWJGNsYXNzog8QgASABqISE4ACgAOAB1lhbGlhc0RhdGFccmVsYXRpdmVQYXRo0hgNGRpXTlMuZGF0YU8RAYgAAAAAAYgAAgAADE1hY2ludG9zaCBIRAAAAAAAAAAAAAAAAAAAAMjAyCZIKwAAAA3tLgxHcmFiYmUwOC5wZGYAAAAAAAAAAAAAAAAAAAAAAAAAAAAAAAAAAAAAAAAAAAAAAAAAAAAAAAAAAAAAAAAAAAAADfxExxiT0FBERiBDQVJPAAMAAgAACSAAAAAAAAAAAAAAAAAAAAAIYXJ0aWNsZXMAEAAIAADIwSqWAAAAEQAIAADHGQRQAAAAAQAQAA3tLgAN1ewACmqRAARnUQACADlNYWNpbnRvc2ggSEQ6VXNlcnM6amxyaW9zOkRvY3VtZW50czphcnRpY2xlczpHcmFiYmUwOC5wZGYAAA4AGgAMAEcAcgBhAGIAYgBlADAAOAAuAHAAZABmAA8AGgAMAE0AYQBjAGkAbgB0AG8AcwBoACAASABEABIALFVzZXJzL2pscmlvcy9Eb2N1bWVudHMvYXJ0aWNsZXMvR3JhYmJlMDgucGRmABMAAS8AABUAAgAN//8AAIAF0hwdHh9YJGNsYXNzZXNaJGNsYXNzbmFtZaMfICFdTlNNdXRhYmxlRGF0YVZOU0RhdGFYTlNPYmplY3RfEB4uLi8uLi8uLi9hcnRpY2xlcy9HcmFiYmUwOC5wZGbSHB0kJaIlIVxOU0RpY3Rpb25hcnkSAAGGoF8QD05TS2V5ZWRBcmNoaXZlcgAIABEAFgAfACgAMgA1ADoAPABFAEsAUgBdAGUAbABvAHEAcwB2AHgAegB8AIYAkwCYAKACLAIuAjMCPAJHAksCWQJgAmkCigKPApICnwKkAAAAAAAAAgEAAAAAAAAAKAAAAAAAAAAAAAAAAAAAArY=}}

@article{GrabbeJGCD09,
	Author = {Shon Grabbe and Banavar Sridhar and Avijit Mukherjee},
	Date-Added = {2009-11-05 14:32:53 -0800},
	Date-Modified = {2009-11-05 14:34:21 -0800},
	Journal = {Journal of Guidance, Control, and Dynamics},
	Month = {May-June},
	Number = {3},
	Pages = {810-820},
	Title = {Sequential Traffic Flow Optimization with Tactical Flight Control Heuristics},
	Volume = {32},
	Year = {2009},
	Bdsk-File-1 = {YnBsaXN0MDDUAQIDBAUIJidUJHRvcFgkb2JqZWN0c1gkdmVyc2lvblkkYXJjaGl2ZXLRBgdUcm9vdIABqAkKFRYXGyIjVSRudWxs0wsMDQ4RFFpOUy5vYmplY3RzV05TLmtleXNWJGNsYXNzog8QgASABqISE4ACgAOAB1lhbGlhc0RhdGFccmVsYXRpdmVQYXRo0hgNGRpXTlMuZGF0YU8RAZgAAAAAAZgAAgAADE1hY2ludG9zaCBIRAAAAAAAAAAAAAAAAAAAAMjAyCZIKwAAAA3tLhBHcmFiYmVKR0NEMDkucGRmAAAAAAAAAAAAAAAAAAAAAAAAAAAAAAAAAAAAAAAAAAAAAAAAAAAAAAAAAAAAAAAADf19xxiSZ1BERiBDQVJPAAMAAgAACSAAAAAAAAAAAAAAAAAAAAAIYXJ0aWNsZXMAEAAIAADIwSqWAAAAEQAIAADHGQLnAAAAAQAQAA3tLgAN1ewACmqRAARnUQACAD1NYWNpbnRvc2ggSEQ6VXNlcnM6amxyaW9zOkRvY3VtZW50czphcnRpY2xlczpHcmFiYmVKR0NEMDkucGRmAAAOACIAEABHAHIAYQBiAGIAZQBKAEcAQwBEADAAOQAuAHAAZABmAA8AGgAMAE0AYQBjAGkAbgB0AG8AcwBoACAASABEABIAMFVzZXJzL2pscmlvcy9Eb2N1bWVudHMvYXJ0aWNsZXMvR3JhYmJlSkdDRDA5LnBkZgATAAEvAAAVAAIADf//AACABdIcHR4fWCRjbGFzc2VzWiRjbGFzc25hbWWjHyAhXU5TTXV0YWJsZURhdGFWTlNEYXRhWE5TT2JqZWN0XxAiLi4vLi4vLi4vYXJ0aWNsZXMvR3JhYmJlSkdDRDA5LnBkZtIcHSQloiUhXE5TRGljdGlvbmFyeRIAAYagXxAPTlNLZXllZEFyY2hpdmVyAAgAEQAWAB8AKAAyADUAOgA8AEUASwBSAF0AZQBsAG8AcQBzAHYAeAB6AHwAhgCTAJgAoAI8Aj4CQwJMAlcCWwJpAnACeQKeAqMCpgKzArgAAAAAAAACAQAAAAAAAAAoAAAAAAAAAAAAAAAAAAACyg==}}

@inproceedings{Grabbe09,
	Address = {Chicago, IL},
	Author = {Shon Grabbe and Banavar Sridhar and Avijit Mukherjee},
	Booktitle = {AIAA Guidance, Navigation, and Control Conference},
	Date-Added = {2009-11-05 14:29:06 -0800},
	Date-Modified = {2009-11-05 14:30:36 -0800},
	Month = {August},
	Title = {Integrated Traffic Flow Management Decision Making},
	Year = {2009},
	Bdsk-File-1 = {YnBsaXN0MDDUAQIDBAUIJidUJHRvcFgkb2JqZWN0c1gkdmVyc2lvblkkYXJjaGl2ZXLRBgdUcm9vdIABqAkKFRYXGyIjVSRudWxs0wsMDQ4RFFpOUy5vYmplY3RzV05TLmtleXNWJGNsYXNzog8QgASABqISE4ACgAOAB1lhbGlhc0RhdGFccmVsYXRpdmVQYXRo0hgNGRpXTlMuZGF0YU8RAYgAAAAAAYgAAgAADE1hY2ludG9zaCBIRAAAAAAAAAAAAAAAAAAAAMjAyCZIKwAAAA3tLgxHcmFiYmUwOS5wZGYAAAAAAAAAAAAAAAAAAAAAAAAAAAAAAAAAAAAAAAAAAAAAAAAAAAAAAAAAAAAAAAAAAAAADfzgxxiRrVBERiBDQVJPAAMAAgAACSAAAAAAAAAAAAAAAAAAAAAIYXJ0aWNsZXMAEAAIAADIwSqWAAAAEQAIAADHGQItAAAAAQAQAA3tLgAN1ewACmqRAARnUQACADlNYWNpbnRvc2ggSEQ6VXNlcnM6amxyaW9zOkRvY3VtZW50czphcnRpY2xlczpHcmFiYmUwOS5wZGYAAA4AGgAMAEcAcgBhAGIAYgBlADAAOQAuAHAAZABmAA8AGgAMAE0AYQBjAGkAbgB0AG8AcwBoACAASABEABIALFVzZXJzL2pscmlvcy9Eb2N1bWVudHMvYXJ0aWNsZXMvR3JhYmJlMDkucGRmABMAAS8AABUAAgAN//8AAIAF0hwdHh9YJGNsYXNzZXNaJGNsYXNzbmFtZaMfICFdTlNNdXRhYmxlRGF0YVZOU0RhdGFYTlNPYmplY3RfEB4uLi8uLi8uLi9hcnRpY2xlcy9HcmFiYmUwOS5wZGbSHB0kJaIlIVxOU0RpY3Rpb25hcnkSAAGGoF8QD05TS2V5ZWRBcmNoaXZlcgAIABEAFgAfACgAMgA1ADoAPABFAEsAUgBdAGUAbABvAHEAcwB2AHgAegB8AIYAkwCYAKACLAIuAjMCPAJHAksCWQJgAmkCigKPApICnwKkAAAAAAAAAgEAAAAAAAAAKAAAAAAAAAAAAAAAAAAAArY=}}

@incollection{Dantzig51,
	Author = {George B. Dantzig},
	Booktitle = {Activity Analysis of Production and Allocation},
	Date-Added = {2009-11-04 17:04:47 -0800},
	Date-Modified = {2009-11-04 17:10:58 -0800},
	Editor = {T. C. Koopmans},
	Pages = {359-373},
	Publisher = {John Wiley and Sons, Inc.},
	Title = {Maximization of a Linear Function of Variables Subject to Linear Inequalities},
	Year = {1951}}

@book{Dantzig63,
	Author = {George B. Dantzig},
	Date-Added = {2009-11-04 16:44:23 -0800},
	Date-Modified = {2009-11-04 16:45:13 -0800},
	Publisher = {Princeton University Press},
	Title = {Linear Programming and Extensions},
	Year = {1963}}

@book{Mitchell96,
	Author = {Melanie Mitchell},
	Date-Added = {2009-11-03 09:45:35 -0800},
	Date-Modified = {2009-11-03 09:46:19 -0800},
	Publisher = {MIT Press},
	Title = {An Introduction to Genetic Algorithms},
	Year = {1996}}

@article{Metropolis53,
	Author = {Nicholas Metropolis and Arianna W. Rosenbluth and Marshall N. Rosenbluth and Augusta H. Teller and Edward Teller},
	Date-Added = {2009-11-03 07:55:06 -0800},
	Date-Modified = {2009-11-03 07:57:38 -0800},
	Journal = {The Journal of Chemical Physics},
	Month = {June},
	Number = {6},
	Pages = {1087-1092},
	Title = {Equation of State Calculations by Fast Computing Machines},
	Volume = {21},
	Year = {1953},
	Bdsk-File-1 = {YnBsaXN0MDDUAQIDBAUIJidUJHRvcFgkb2JqZWN0c1gkdmVyc2lvblkkYXJjaGl2ZXLRBgdUcm9vdIABqAkKFRYXGyIjVSRudWxs0wsMDQ4RFFpOUy5vYmplY3RzV05TLmtleXNWJGNsYXNzog8QgASABqISE4ACgAOAB1lhbGlhc0RhdGFccmVsYXRpdmVQYXRo0hgNGRpXTlMuZGF0YU8RAcQAAAAAAcQAAgAADE1hY2ludG9zaCBIRAAAAAAAAAAAAAAAAAAAAMjAyCZIKwAAAA3tLhttZXRyb3BvbGlzLWV0LWFsLTE5NTMtMS5wZGYAAAAAAAAAAAAAAAAAAAAAAAAAAAAAAAAAAAAAAAAAAAAAAAAADgLPxxWRE1BERiBDQVJPAAMAAgAACSAAAAAAAAAAAAAAAAAAAAAIYXJ0aWNsZXMAEAAIAADIwSqWAAAAEQAIAADHFgGTAAAAAQAQAA3tLgAN1ewACmqRAARnUQACAEhNYWNpbnRvc2ggSEQ6VXNlcnM6amxyaW9zOkRvY3VtZW50czphcnRpY2xlczptZXRyb3BvbGlzLWV0LWFsLTE5NTMtMS5wZGYADgA4ABsAbQBlAHQAcgBvAHAAbwBsAGkAcwAtAGUAdAAtAGEAbAAtADEAOQA1ADMALQAxAC4AcABkAGYADwAaAAwATQBhAGMAaQBuAHQAbwBzAGgAIABIAEQAEgA7VXNlcnMvamxyaW9zL0RvY3VtZW50cy9hcnRpY2xlcy9tZXRyb3BvbGlzLWV0LWFsLTE5NTMtMS5wZGYAABMAAS8AABUAAgAN//8AAIAF0hwdHh9YJGNsYXNzZXNaJGNsYXNzbmFtZaMfICFdTlNNdXRhYmxlRGF0YVZOU0RhdGFYTlNPYmplY3RfEC0uLi8uLi8uLi9hcnRpY2xlcy9tZXRyb3BvbGlzLWV0LWFsLTE5NTMtMS5wZGbSHB0kJaIlIVxOU0RpY3Rpb25hcnkSAAGGoF8QD05TS2V5ZWRBcmNoaXZlcgAIABEAFgAfACgAMgA1ADoAPABFAEsAUgBdAGUAbABvAHEAcwB2AHgAegB8AIYAkwCYAKACaAJqAm8CeAKDAocClQKcAqUC1QLaAt0C6gLvAAAAAAAAAgEAAAAAAAAAKAAAAAAAAAAAAAAAAAAAAwE=}}

@book{Holland75,
	Author = {John Holland},
	Date-Added = {2009-11-03 07:45:26 -0800},
	Date-Modified = {2009-11-03 07:46:48 -0800},
	Publisher = {University of Michigan Press},
	Title = {Adaptation in Natural and Artificial Systems},
	Year = {1975}}

@inproceedings{Szu86,
	Author = {Harold Szu},
	Booktitle = {American Institute of Physics Conference},
	Date-Added = {2009-11-03 07:36:44 -0800},
	Date-Modified = {2009-11-03 07:36:44 -0800},
	Month = {August},
	Pages = {420-425},
	Title = {Fast Simulated Annealing},
	Volume = {151},
	Year = {1986}}

@inproceedings{RiosDW09,
	Address = {Chicago, IL},
	Author = {Joseph Rios and Kevin Ross},
	Booktitle = {AIAA Guidance, Navigation, and Control Conference and Exhibit},
	Date-Added = {2009-11-03 07:36:33 -0800},
	Date-Modified = {2009-11-03 07:36:33 -0800},
	Month = {August},
	Rating = {5},
	Read = {Yes},
	Title = {Massively Parallel Dantzig-Wolfe Decomposition Applied to Traffic Flow Scheduling},
	Year = {2009}}

@article{Kirkpatrick83,
	Author = {S. Kirkpatrick and C. D. Gelatt and M. P. Vecchi},
	Date-Added = {2009-11-03 07:36:14 -0800},
	Date-Modified = {2009-11-03 07:36:14 -0800},
	Journal = {Science},
	Number = {4598},
	Pages = {671-680},
	Title = {Optimization by Simulated Annealing},
	Volume = {220},
	Year = {1983},
	Bdsk-File-1 = {YnBsaXN0MDDUAQIDBAUIJidUJHRvcFgkb2JqZWN0c1gkdmVyc2lvblkkYXJjaGl2ZXLRBgdUcm9vdIABqAkKFRYXGyIjVSRudWxs0wsMDQ4RFFpOUy5vYmplY3RzV05TLmtleXNWJGNsYXNzog8QgASABqISE4ACgAOAB1lhbGlhc0RhdGFccmVsYXRpdmVQYXRo0hgNGRpXTlMuZGF0YU8RAZwAAAAAAZwAAgAADE1hY2ludG9zaCBIRAAAAAAAAAAAAAAAAAAAAMjAyCZIKwAAAA3tLhFLaXJrcGF0cmlja1NBLnBkZgAAAAAAAAAAAAAAAAAAAAAAAAAAAAAAAAAAAAAAAAAAAAAAAAAAAAAAAAAAAAAADgC6xxWU4lBERiBDQVJPAAMAAgAACSAAAAAAAAAAAAAAAAAAAAAIYXJ0aWNsZXMAEAAIAADIwSqWAAAAEQAIAADHFgViAAAAAQAQAA3tLgAN1ewACmqRAARnUQACAD5NYWNpbnRvc2ggSEQ6VXNlcnM6amxyaW9zOkRvY3VtZW50czphcnRpY2xlczpLaXJrcGF0cmlja1NBLnBkZgAOACQAEQBLAGkAcgBrAHAAYQB0AHIAaQBjAGsAUwBBAC4AcABkAGYADwAaAAwATQBhAGMAaQBuAHQAbwBzAGgAIABIAEQAEgAxVXNlcnMvamxyaW9zL0RvY3VtZW50cy9hcnRpY2xlcy9LaXJrcGF0cmlja1NBLnBkZgAAEwABLwAAFQACAA3//wAAgAXSHB0eH1gkY2xhc3Nlc1okY2xhc3NuYW1lox8gIV1OU011dGFibGVEYXRhVk5TRGF0YVhOU09iamVjdF8QIy4uLy4uLy4uL2FydGljbGVzL0tpcmtwYXRyaWNrU0EucGRm0hwdJCWiJSFcTlNEaWN0aW9uYXJ5EgABhqBfEA9OU0tleWVkQXJjaGl2ZXIACAARABYAHwAoADIANQA6ADwARQBLAFIAXQBlAGwAbwBxAHMAdgB4AHoAfACGAJMAmACgAkACQgJHAlACWwJfAm0CdAJ9AqMCqAKrArgCvQAAAAAAAAIBAAAAAAAAACgAAAAAAAAAAAAAAAAAAALP}}

@article{Cantupaz98,
	Author = {E. Cantu-Paz},
	Date-Added = {2009-11-03 07:35:56 -0800},
	Date-Modified = {2009-11-03 07:35:56 -0800},
	Journal = {Calclateurs Paralleles},
	Number = {2},
	Title = {A Survey of Parallel Genetic Algorithms},
	Volume = {10},
	Year = {1998}}

@book{Goldberg89,
	Address = {Reading, Mass.},
	Author = {D. E. Goldberg},
	Date-Added = {2009-11-03 07:35:40 -0800},
	Date-Modified = {2009-11-03 07:35:40 -0800},
	Publisher = {Addison-Wesley},
	Title = {Genetic Algorithms in Search, Optimization, and Maching Learning},
	Year = {1989}}

@book{Nolan04,
	Author = {Michael S. Nolan},
	Date-Added = {2009-10-29 19:26:30 -0700},
	Date-Modified = {2009-10-29 19:28:07 -0700},
	Edition = {4},
	Publisher = {Brooks/Cole},
	Title = {Fundamentals of Air Traffic Control},
	Year = {2004}}

@booklet{TFM_NAS,
	Address = {800 Independence Avenue, {SW}, Washington, D.C. 20591},
	Author = {{FAA}},
	Date-Added = {2009-10-29 19:03:12 -0700},
	Date-Modified = {2009-10-29 19:08:38 -0700},
	Howpublished = {Educational Booklet},
	Month = {October},
	Title = {Traffic Flow Management in the National Airspace System},
	Year = {2007},
	Bdsk-File-1 = {YnBsaXN0MDDUAQIDBAUIJidUJHRvcFgkb2JqZWN0c1gkdmVyc2lvblkkYXJjaGl2ZXLRBgdUcm9vdIABqAkKFRYXGyIjVSRudWxs0wsMDQ4RFFpOUy5vYmplY3RzV05TLmtleXNWJGNsYXNzog8QgASABqISE4ACgAOAB1lhbGlhc0RhdGFccmVsYXRpdmVQYXRo0hgNGRpXTlMuZGF0YU8RAYwAAAAAAYwAAgAADE1hY2ludG9zaCBIRAAAAAAAAAAAAAAAAAAAAMjAyCZIKwAAAA3tLg1URk1fTkFTdjIucGRmAAAAAAAAAAAAAAAAAAAAAAAAAAAAAAAAAAAAAAAAAAAAAAAAAAAAAAAAAAAAAAAAAAAADgxixw+YglBERiBDQVJPAAMAAgAACSAAAAAAAAAAAAAAAAAAAAAIYXJ0aWNsZXMAEAAIAADIwSqWAAAAEQAIAADHD/ryAAAAAQAQAA3tLgAN1ewACmqRAARnUQACADpNYWNpbnRvc2ggSEQ6VXNlcnM6amxyaW9zOkRvY3VtZW50czphcnRpY2xlczpURk1fTkFTdjIucGRmAA4AHAANAFQARgBNAF8ATgBBAFMAdgAyAC4AcABkAGYADwAaAAwATQBhAGMAaQBuAHQAbwBzAGgAIABIAEQAEgAtVXNlcnMvamxyaW9zL0RvY3VtZW50cy9hcnRpY2xlcy9URk1fTkFTdjIucGRmAAATAAEvAAAVAAIADf//AACABdIcHR4fWCRjbGFzc2VzWiRjbGFzc25hbWWjHyAhXU5TTXV0YWJsZURhdGFWTlNEYXRhWE5TT2JqZWN0XxAfLi4vLi4vLi4vYXJ0aWNsZXMvVEZNX05BU3YyLnBkZtIcHSQloiUhXE5TRGljdGlvbmFyeRIAAYagXxAPTlNLZXllZEFyY2hpdmVyAAgAEQAWAB8AKAAyADUAOgA8AEUASwBSAF0AZQBsAG8AcQBzAHYAeAB6AHwAhgCTAJgAoAIwAjICNwJAAksCTwJdAmQCbQKPApQClwKkAqkAAAAAAAACAQAAAAAAAAAoAAAAAAAAAAAAAAAAAAACuw==}}

@phdthesis{Bayen03,
	Author = {Alexandre M. Bayen},
	Date-Added = {2009-10-29 17:04:17 -0700},
	Date-Modified = {2009-10-29 17:05:17 -0700},
	Month = {December},
	School = {Stanford University},
	Title = {Computational Control of Networks of Dynamical Systems: Application to the National Airspace System},
	Year = {2003}}

@article{Baumol64,
	Author = {William J. Baumol and Tibor Fabian},
	Date-Added = {2009-10-29 16:35:31 -0700},
	Date-Modified = {2009-10-29 16:37:03 -0700},
	Journal = {Management Science},
	Month = {September},
	Number = {1},
	Pages = {1-32},
	Title = {Decomposition, Pricing for Decentralization and External Economies},
	Volume = {11},
	Year = {1964},
	Bdsk-File-1 = {YnBsaXN0MDDUAQIDBAUIJidUJHRvcFgkb2JqZWN0c1gkdmVyc2lvblkkYXJjaGl2ZXLRBgdUcm9vdIABqAkKFRYXGyIjVSRudWxs0wsMDQ4RFFpOUy5vYmplY3RzV05TLmtleXNWJGNsYXNzog8QgASABqISE4ACgAOAB1lhbGlhc0RhdGFccmVsYXRpdmVQYXRo0hgNGRpXTlMuZGF0YU8RAdQAAAAAAdQAAgAADE1hY2ludG9zaCBIRAAAAAAAAAAAAAAAAAAAAMjAyCZIKwAAAA3tLh9CYXVtb2xEZWNvbXBvc3Rpb25FY29tb25pZXMucGRmAAAAAAAAAAAAAAAAAAAAAAAAAAAAAAAAAAAAAAAAAAAADe9SxBLVOAAAAAAAAAAAAAMAAgAACSAAAAAAAAAAAAAAAAAAAAAIYXJ0aWNsZXMAEAAIAADIwSqWAAAAEQAIAADEEzeoAAAAAQAQAA3tLgAN1ewACmqRAARnUQACAExNYWNpbnRvc2ggSEQ6VXNlcnM6amxyaW9zOkRvY3VtZW50czphcnRpY2xlczpCYXVtb2xEZWNvbXBvc3Rpb25FY29tb25pZXMucGRmAA4AQAAfAEIAYQB1AG0AbwBsAEQAZQBjAG8AbQBwAG8AcwB0AGkAbwBuAEUAYwBvAG0AbwBuAGkAZQBzAC4AcABkAGYADwAaAAwATQBhAGMAaQBuAHQAbwBzAGgAIABIAEQAEgA/VXNlcnMvamxyaW9zL0RvY3VtZW50cy9hcnRpY2xlcy9CYXVtb2xEZWNvbXBvc3Rpb25FY29tb25pZXMucGRmAAATAAEvAAAVAAIADf//AACABdIcHR4fWCRjbGFzc2VzWiRjbGFzc25hbWWjHyAhXU5TTXV0YWJsZURhdGFWTlNEYXRhWE5TT2JqZWN0XxAxLi4vLi4vLi4vYXJ0aWNsZXMvQmF1bW9sRGVjb21wb3N0aW9uRWNvbW9uaWVzLnBkZtIcHSQloiUhXE5TRGljdGlvbmFyeRIAAYagXxAPTlNLZXllZEFyY2hpdmVyAAgAEQAWAB8AKAAyADUAOgA8AEUASwBSAF0AZQBsAG8AcQBzAHYAeAB6AHwAhgCTAJgAoAJ4AnoCfwKIApMClwKlAqwCtQLpAu4C8QL+AwMAAAAAAAACAQAAAAAAAAAoAAAAAAAAAAAAAAAAAAADFQ==}}

@article{Nazareth84,
	Author = {Larry Nazareth},
	Date-Added = {2009-10-29 16:30:46 -0700},
	Date-Modified = {2009-10-29 16:32:21 -0700},
	Journal = {Linear Algebra and Its Applications},
	Pages = {181-189},
	Title = {Numerical Behavior of LP Algorithms Based Upon the Decomposition Principle},
	Volume = {57},
	Year = {1984},
	Bdsk-File-1 = {YnBsaXN0MDDUAQIDBAUIJidUJHRvcFgkb2JqZWN0c1gkdmVyc2lvblkkYXJjaGl2ZXLRBgdUcm9vdIABqAkKFRYXGyIjVSRudWxs0wsMDQ4RFFpOUy5vYmplY3RzV05TLmtleXNWJGNsYXNzog8QgASABqISE4ACgAOAB1lhbGlhc0RhdGFccmVsYXRpdmVQYXRo0hgNGRpXTlMuZGF0YU8RAbwAAAAAAbwAAgAADE1hY2ludG9zaCBIRAAAAAAAAAAAAAAAAAAAAMjAyCZIKwAAAA3tLhlOYXpfTnVtZXJpY2FsQmVoYXZpb3IucGRmAAAAAAAAAAAAAAAAAAAAAAAAAAAAAAAAAAAAAAAAAAAAAAAAAAAADgV1xdLhJwAAAAAAAAAAAAMAAgAACSAAAAAAAAAAAAAAAAAAAAAIYXJ0aWNsZXMAEAAIAADIwSqWAAAAEQAIAADF01GnAAAAAQAQAA3tLgAN1ewACmqRAARnUQACAEZNYWNpbnRvc2ggSEQ6VXNlcnM6amxyaW9zOkRvY3VtZW50czphcnRpY2xlczpOYXpfTnVtZXJpY2FsQmVoYXZpb3IucGRmAA4ANAAZAE4AYQB6AF8ATgB1AG0AZQByAGkAYwBhAGwAQgBlAGgAYQB2AGkAbwByAC4AcABkAGYADwAaAAwATQBhAGMAaQBuAHQAbwBzAGgAIABIAEQAEgA5VXNlcnMvamxyaW9zL0RvY3VtZW50cy9hcnRpY2xlcy9OYXpfTnVtZXJpY2FsQmVoYXZpb3IucGRmAAATAAEvAAAVAAIADf//AACABdIcHR4fWCRjbGFzc2VzWiRjbGFzc25hbWWjHyAhXU5TTXV0YWJsZURhdGFWTlNEYXRhWE5TT2JqZWN0XxArLi4vLi4vLi4vYXJ0aWNsZXMvTmF6X051bWVyaWNhbEJlaGF2aW9yLnBkZtIcHSQloiUhXE5TRGljdGlvbmFyeRIAAYagXxAPTlNLZXllZEFyY2hpdmVyAAgAEQAWAB8AKAAyADUAOgA8AEUASwBSAF0AZQBsAG8AcQBzAHYAeAB6AHwAhgCTAJgAoAJgAmICZwJwAnsCfwKNApQCnQLLAtAC0wLgAuUAAAAAAAACAQAAAAAAAAAoAAAAAAAAAAAAAAAAAAAC9w==}}

@techreport{JPDO_conops,
	Author = {-},
	Date-Added = {2009-10-29 16:26:45 -0700},
	Date-Modified = {2009-10-29 16:28:03 -0700},
	Institution = {Joint Planning and Development Office},
	Month = {June},
	Number = {2.0},
	Title = {Concept of Operations for the Next Generation Air Transportation System},
	Year = {2007},
	Bdsk-File-1 = {YnBsaXN0MDDUAQIDBAUIJidUJHRvcFgkb2JqZWN0c1gkdmVyc2lvblkkYXJjaGl2ZXLRBgdUcm9vdIABqAkKFRYXGyIjVSRudWxs0wsMDQ4RFFpOUy5vYmplY3RzV05TLmtleXNWJGNsYXNzog8QgASABqISE4ACgAOAB1lhbGlhc0RhdGFccmVsYXRpdmVQYXRo0hgNGRpXTlMuZGF0YU8RAawAAAAAAawAAgAADE1hY2ludG9zaCBIRAAAAAAAAAAAAAAAAAAAAMjAyCZIKwAAAA3tLhVOZXh0R2VuX3YyLjBfSlBETy5wZGYAAAAAAAAAAAAAAAAAAAAAAAAAAAAAAAAAAAAAAAAAAAAAAAAAAAAAAAAADgWXxw8271BERiBDQVJPAAMAAgAACSAAAAAAAAAAAAAAAAAAAAAIYXJ0aWNsZXMAEAAIAADIwSqWAAAAEQAIAADHD5lfAAAAAQAQAA3tLgAN1ewACmqRAARnUQACAEJNYWNpbnRvc2ggSEQ6VXNlcnM6amxyaW9zOkRvY3VtZW50czphcnRpY2xlczpOZXh0R2VuX3YyLjBfSlBETy5wZGYADgAsABUATgBlAHgAdABHAGUAbgBfAHYAMgAuADAAXwBKAFAARABPAC4AcABkAGYADwAaAAwATQBhAGMAaQBuAHQAbwBzAGgAIABIAEQAEgA1VXNlcnMvamxyaW9zL0RvY3VtZW50cy9hcnRpY2xlcy9OZXh0R2VuX3YyLjBfSlBETy5wZGYAABMAAS8AABUAAgAN//8AAIAF0hwdHh9YJGNsYXNzZXNaJGNsYXNzbmFtZaMfICFdTlNNdXRhYmxlRGF0YVZOU0RhdGFYTlNPYmplY3RfECcuLi8uLi8uLi9hcnRpY2xlcy9OZXh0R2VuX3YyLjBfSlBETy5wZGbSHB0kJaIlIVxOU0RpY3Rpb25hcnkSAAGGoF8QD05TS2V5ZWRBcmNoaXZlcgAIABEAFgAfACgAMgA1ADoAPABFAEsAUgBdAGUAbABvAHEAcwB2AHgAegB8AIYAkwCYAKACUAJSAlcCYAJrAm8CfQKEAo0CtwK8Ar8CzALRAAAAAAAAAgEAAAAAAAAAKAAAAAAAAAAAAAAAAAAAAuM=}}

@techreport{ETMS,
	Author = {-},
	Date-Added = {2009-10-29 16:21:12 -0700},
	Date-Modified = {2009-10-29 16:23:45 -0700},
	Institution = {Volpe National Transportation Center},
	Month = {November},
	Number = {Version 8.5},
	Title = {Enhanced Traffic Management System (ETMS)},
	Year = {2007},
	Bdsk-File-1 = {YnBsaXN0MDDUAQIDBAUIJidUJHRvcFgkb2JqZWN0c1gkdmVyc2lvblkkYXJjaGl2ZXLRBgdUcm9vdIABqAkKFRYXGyIjVSRudWxs0wsMDQ4RFFpOUy5vYmplY3RzV05TLmtleXNWJGNsYXNzog8QgASABqISE4ACgAOAB1lhbGlhc0RhdGFccmVsYXRpdmVQYXRo0hgNGRpXTlMuZGF0YU8RAYwAAAAAAYwAAgAADE1hY2ludG9zaCBIRAAAAAAAAAAAAAAAAAAAAMjAyCZIKwAAAA3tLg1ldG1zNzZyZWYucGRmAAAAAAAAAAAAAAAAAAAAAAAAAAAAAAAAAAAAAAAAAAAAAAAAAAAAAAAAAAAAAAAAAAAADfTcAAAAAAAAAAAAAAAAAAMAAgAACSAAAAAAAAAAAAAAAAAAAAAIYXJ0aWNsZXMAEAAIAADIwSqWAAAAEQAIAAAAAAAAAAAAAQAQAA3tLgAN1ewACmqRAARnUQACADpNYWNpbnRvc2ggSEQ6VXNlcnM6amxyaW9zOkRvY3VtZW50czphcnRpY2xlczpldG1zNzZyZWYucGRmAA4AHAANAGUAdABtAHMANwA2AHIAZQBmAC4AcABkAGYADwAaAAwATQBhAGMAaQBuAHQAbwBzAGgAIABIAEQAEgAtVXNlcnMvamxyaW9zL0RvY3VtZW50cy9hcnRpY2xlcy9ldG1zNzZyZWYucGRmAAATAAEvAAAVAAIADf//AACABdIcHR4fWCRjbGFzc2VzWiRjbGFzc25hbWWjHyAhXU5TTXV0YWJsZURhdGFWTlNEYXRhWE5TT2JqZWN0XxAfLi4vLi4vLi4vYXJ0aWNsZXMvZXRtczc2cmVmLnBkZtIcHSQloiUhXE5TRGljdGlvbmFyeRIAAYagXxAPTlNLZXllZEFyY2hpdmVyAAgAEQAWAB8AKAAyADUAOgA8AEUASwBSAF0AZQBsAG8AcQBzAHYAeAB6AHwAhgCTAJgAoAIwAjICNwJAAksCTwJdAmQCbQKPApQClwKkAqkAAAAAAAACAQAAAAAAAAAoAAAAAAAAAAAAAAAAAAACuw==}}

@book{Lasdon70,
	Author = {Leon S. Lasdon},
	Date-Added = {2009-10-01 17:27:44 -0700},
	Date-Modified = {2009-10-01 17:28:49 -0700},
	Publisher = {The MacMillan Company},
	Title = {Optimization Theory for Large Systems},
	Year = {1970}}

@book{Papadimitriou98,
	Author = {Cristos H. Papadimitriou and Kenneth Steiglitz},
	Date-Added = {2009-10-01 17:25:30 -0700},
	Date-Modified = {2009-10-01 17:26:58 -0700},
	Publisher = {Dover},
	Title = {Combinatorial Optimization},
	Year = {1998}}

@article{Bertsekas91,
	Address = {Tarrytown, NY, USA},
	Author = {Dimitri P. Bertsekas and John N. Tsitsiklis},
	Date-Added = {2009-05-21 18:31:02 -0700},
	Date-Modified = {2009-05-21 18:31:02 -0700},
	Doi = {http://dx.doi.org/10.1016/0005-1098(91)90003-K},
	Issn = {0005-1098},
	Journal = {Automatica},
	Number = {1},
	Pages = {3--21},
	Publisher = {Pergamon Press, Inc.},
	Title = {Some aspects of parallel and distributed iterative algorithms--a survey},
	Volume = {27},
	Year = {1991},
	Bdsk-Url-1 = {http://dx.doi.org/10.1016/0005-1098(91)90003-K}}

@article{Sridhar08,
	Author = {Banavar Sridhar and Shon Grabbe and Avijit Mukherjee},
	Date-Added = {2009-05-04 17:26:57 -0700},
	Date-Modified = {2009-11-13 11:00:53 -0800},
	Journal = {Proceedings of the IEEE},
	Month = {December},
	Number = {12},
	Pages = {2060-2080},
	Rating = {5},
	Title = {Modeling and Optimization in Traffic Flow Management},
	Volume = {96},
	Year = {2008},
	Bdsk-File-1 = {YnBsaXN0MDDUAQIDBAUIJidUJHRvcFgkb2JqZWN0c1gkdmVyc2lvblkkYXJjaGl2ZXLRBgdUcm9vdIABqAkKFRYXGyIjVSRudWxs0wsMDQ4RFFpOUy5vYmplY3RzV05TLmtleXNWJGNsYXNzog8QgASABqISE4ACgAOAB1lhbGlhc0RhdGFccmVsYXRpdmVQYXRo0hgNGRpXTlMuZGF0YU8RAbgAAAAAAbgAAgAADE1hY2ludG9zaCBIRAAAAAAAAAAAAAAAAAAAAMjAyCZIKwAAAA3tLhhURk1fb3ZlcnZpZXdfU3JpZGhhci5wZGYAAAAAAAAAAAAAAAAAAAAAAAAAAAAAAAAAAAAAAAAAAAAAAAAAAAAADgx2xhN99QAAAAAAAAAAAAMAAgAACSAAAAAAAAAAAAAAAAAAAAAIYXJ0aWNsZXMAEAAIAADIwSqWAAAAEQAIAADGE+BlAAAAAQAQAA3tLgAN1ewACmqRAARnUQACAEVNYWNpbnRvc2ggSEQ6VXNlcnM6amxyaW9zOkRvY3VtZW50czphcnRpY2xlczpURk1fb3ZlcnZpZXdfU3JpZGhhci5wZGYAAA4AMgAYAFQARgBNAF8AbwB2AGUAcgB2AGkAZQB3AF8AUwByAGkAZABoAGEAcgAuAHAAZABmAA8AGgAMAE0AYQBjAGkAbgB0AG8AcwBoACAASABEABIAOFVzZXJzL2pscmlvcy9Eb2N1bWVudHMvYXJ0aWNsZXMvVEZNX292ZXJ2aWV3X1NyaWRoYXIucGRmABMAAS8AABUAAgAN//8AAIAF0hwdHh9YJGNsYXNzZXNaJGNsYXNzbmFtZaMfICFdTlNNdXRhYmxlRGF0YVZOU0RhdGFYTlNPYmplY3RfECouLi8uLi8uLi9hcnRpY2xlcy9URk1fb3ZlcnZpZXdfU3JpZGhhci5wZGbSHB0kJaIlIVxOU0RpY3Rpb25hcnkSAAGGoF8QD05TS2V5ZWRBcmNoaXZlcgAIABEAFgAfACgAMgA1ADoAPABFAEsAUgBdAGUAbABvAHEAcwB2AHgAegB8AIYAkwCYAKACXAJeAmMCbAJ3AnsCiQKQApkCxgLLAs4C2wLgAAAAAAAAAgEAAAAAAAAAKAAAAAAAAAAAAAAAAAAAAvI=}}

@phdthesis{Tebboth01,
	Author = {James Richard Tebboth},
	Date-Added = {2009-05-04 17:17:02 -0700},
	Date-Modified = {2009-05-04 17:20:16 -0700},
	School = {University of Buckingham},
	Title = {A Computational Study of Dantzig-Wolfe Decomposition},
	Year = {2001},
	Bdsk-File-1 = {YnBsaXN0MDDUAQIDBAUIJidUJHRvcFgkb2JqZWN0c1gkdmVyc2lvblkkYXJjaGl2ZXLRBgdUcm9vdIABqAkKFRYXGyIjVSRudWxs0wsMDQ4RFFpOUy5vYmplY3RzV05TLmtleXNWJGNsYXNzog8QgASABqISE4ACgAOAB1lhbGlhc0RhdGFccmVsYXRpdmVQYXRo0hgNGRpXTlMuZGF0YU8RAbgAAAAAAbgAAgAADE1hY2ludG9zaCBIRAAAAAAAAAAAAAAAAAAAAMjAyCZIKwAAAA3tLhhEYW50emlnLVdvbGZlX3RoZXNpcy5wZGYAAAAAAAAAAAAAAAAAAAAAAAAAAAAAAAAAAAAAAAAAAAAAAAAAAAAADfO0wybc/AAAAAAAAAAAAAMAAgAACSAAAAAAAAAAAAAAAAAAAAAIYXJ0aWNsZXMAEAAIAADIwSqWAAAAEQAIAADDJz9sAAAAAQAQAA3tLgAN1ewACmqRAARnUQACAEVNYWNpbnRvc2ggSEQ6VXNlcnM6amxyaW9zOkRvY3VtZW50czphcnRpY2xlczpEYW50emlnLVdvbGZlX3RoZXNpcy5wZGYAAA4AMgAYAEQAYQBuAHQAegBpAGcALQBXAG8AbABmAGUAXwB0AGgAZQBzAGkAcwAuAHAAZABmAA8AGgAMAE0AYQBjAGkAbgB0AG8AcwBoACAASABEABIAOFVzZXJzL2pscmlvcy9Eb2N1bWVudHMvYXJ0aWNsZXMvRGFudHppZy1Xb2xmZV90aGVzaXMucGRmABMAAS8AABUAAgAN//8AAIAF0hwdHh9YJGNsYXNzZXNaJGNsYXNzbmFtZaMfICFdTlNNdXRhYmxlRGF0YVZOU0RhdGFYTlNPYmplY3RfECouLi8uLi8uLi9hcnRpY2xlcy9EYW50emlnLVdvbGZlX3RoZXNpcy5wZGbSHB0kJaIlIVxOU0RpY3Rpb25hcnkSAAGGoF8QD05TS2V5ZWRBcmNoaXZlcgAIABEAFgAfACgAMgA1ADoAPABFAEsAUgBdAGUAbABvAHEAcwB2AHgAegB8AIYAkwCYAKACXAJeAmMCbAJ3AnsCiQKQApkCxgLLAs4C2wLgAAAAAAAAAgEAAAAAAAAAKAAAAAAAAAAAAAAAAAAAAvI=}}

@article{Oneill77,
	Author = {Richard P. O'Neill},
	Date-Added = {2009-03-03 12:03:14 -0800},
	Date-Modified = {2009-03-03 12:04:52 -0800},
	Journal = {Operations Research},
	Month = {January-February},
	Number = {1},
	Pages = {148-155},
	Title = {Column Dropping in the Dantzig-Wolfe Convex Programming Algorithm},
	Volume = {25},
	Year = {1977}}

@article{Lindsay93,
	Author = {Kenneth S. Lindsay and E. Andrew Boyd and Rusty Burlingame},
	Date-Added = {2009-02-24 19:16:27 -0800},
	Date-Modified = {2009-02-24 19:17:58 -0800},
	Journal = {Air Traffic Control Quarterly},
	Number = {3},
	Pages = {255-276},
	Title = {Traffic Flow Management Modeling with the Time Assignment model},
	Volume = {1},
	Year = {1993}}

@article{Bertsimas08,
	Author = {Dimitris J. Bertsimas and G. Lulli and Amedeo R. Odoni},
	Date-Added = {2009-02-23 17:13:01 -0800},
	Date-Modified = {2009-02-23 17:14:53 -0800},
	Journal = {Lecture Notes in Computer Science},
	Number = {5035},
	Pages = {34-46},
	Title = {The Air Traffic Flow Management Problem: An Integer Optimization Approach},
	Year = {2008}}

@inproceedings{Hunter07,
	Author = {George Hunter and Ben Boisvert and Kris Ramamoorthy},
	Booktitle = {Proceedings of the 2007 Winter Simulation Conference},
	Date-Added = {2009-01-29 13:41:53 -0800},
	Date-Modified = {2009-01-29 13:43:50 -0800},
	Editor = {S.G. Henderson and B. Miller and M.-H. Hsieh and J. Shortle and J. D. Tew and R. R. Barton},
	Title = {Advanced National Airspace Traffic Flow Management Simulation Experiments and Validation},
	Year = {2007}}

@article{Ho81,
	Author = {James K. Ho and Etienne Loute},
	Date-Added = {2009-01-22 16:38:19 -0800},
	Date-Modified = {2009-11-05 14:52:58 -0800},
	Journal = {Mathematical Programming},
	Number = {1},
	Pages = {303-326},
	Title = {An Advanced Implementation of the Dantzig-Wolfe Decomposition Algorithm for Linear Programming},
	Volume = {20},
	Year = {1981},
	Bdsk-File-1 = {YnBsaXN0MDDUAQIDBAUIJidUJHRvcFgkb2JqZWN0c1gkdmVyc2lvblkkYXJjaGl2ZXLRBgdUcm9vdIABqAkKFRYXGyIjVSRudWxs0wsMDQ4RFFpOUy5vYmplY3RzV05TLmtleXNWJGNsYXNzog8QgASABqISE4ACgAOAB1lhbGlhc0RhdGFccmVsYXRpdmVQYXRo0hgNGRpXTlMuZGF0YU8RAcgAAAAAAcgAAgAADE1hY2ludG9zaCBIRAAAAAAAAAAAAAAAAAAAAMjAyCZIKwAAAA3tLhxIb0FkdmFuY2VkSW1wbGVtZW50YXRpb24ucGRmAAAAAAAAAAAAAAAAAAAAAAAAAAAAAAAAAAAAAAAAAAAAAAAADf8xxxiXZ1BERiBDQVJPAAMAAgAACSAAAAAAAAAAAAAAAAAAAAAIYXJ0aWNsZXMAEAAIAADIwSqWAAAAEQAIAADHGQfnAAAAAQAQAA3tLgAN1ewACmqRAARnUQACAElNYWNpbnRvc2ggSEQ6VXNlcnM6amxyaW9zOkRvY3VtZW50czphcnRpY2xlczpIb0FkdmFuY2VkSW1wbGVtZW50YXRpb24ucGRmAAAOADoAHABIAG8AQQBkAHYAYQBuAGMAZQBkAEkAbQBwAGwAZQBtAGUAbgB0AGEAdABpAG8AbgAuAHAAZABmAA8AGgAMAE0AYQBjAGkAbgB0AG8AcwBoACAASABEABIAPFVzZXJzL2pscmlvcy9Eb2N1bWVudHMvYXJ0aWNsZXMvSG9BZHZhbmNlZEltcGxlbWVudGF0aW9uLnBkZgATAAEvAAAVAAIADf//AACABdIcHR4fWCRjbGFzc2VzWiRjbGFzc25hbWWjHyAhXU5TTXV0YWJsZURhdGFWTlNEYXRhWE5TT2JqZWN0XxAuLi4vLi4vLi4vYXJ0aWNsZXMvSG9BZHZhbmNlZEltcGxlbWVudGF0aW9uLnBkZtIcHSQloiUhXE5TRGljdGlvbmFyeRIAAYagXxAPTlNLZXllZEFyY2hpdmVyAAgAEQAWAB8AKAAyADUAOgA8AEUASwBSAF0AZQBsAG8AcQBzAHYAeAB6AHwAhgCTAJgAoAJsAm4CcwJ8AocCiwKZAqACqQLaAt8C4gLvAvQAAAAAAAACAQAAAAAAAAAoAAAAAAAAAAAAAAAAAAADBg==}}

@article{Lyu02,
	Author = {Jr Jung Lyu and Hsing Luh and Ming-Chang Lee},
	Date-Added = {2009-01-22 16:35:04 -0800},
	Date-Modified = {2009-01-22 16:36:21 -0800},
	Journal = {Computers and Mathematics with Applications},
	Pages = {1431-1437},
	Title = {Performance Analysis of a Parallel Dantzig-Wolfe Decomposition Algorithm for Linear Programming},
	Volume = {44},
	Year = {2002}}

@article{Ho87,
	Author = {James K. Ho},
	Date-Added = {2009-01-22 16:31:35 -0800},
	Date-Modified = {2009-01-22 16:32:41 -0800},
	Journal = {Mathematical Programming Study},
	Pages = {119-127},
	Title = {Recent Advances in the Decompostion Approach to Linear Programming},
	Volume = {31},
	Year = {1987}}

@article{Fuller05,
	Author = {J. David Fuller and William Chung},
	Date-Added = {2009-01-22 16:23:25 -0800},
	Date-Modified = {2009-01-22 16:24:27 -0800},
	Journal = {Compuational Economics},
	Pages = {303-326},
	Title = {Dantzig-Wolfe Decompostion of Variational Inequalities},
	Volume = {25},
	Year = {2005}}

@article{Prescott04,
	Author = {Edward Simpson Prescott},
	Date-Added = {2009-01-22 16:22:07 -0800},
	Date-Modified = {2009-01-22 16:23:24 -0800},
	Journal = {Journal of Economic Dynamics and Control},
	Pages = {777-800},
	Title = {Computing Solutions to Moral-Hazard Programs Using the Dantzig-Wolfe Decompostion Algorithm},
	Volume = {28},
	Year = {2004}}

@article{Desaulniers97,
	Author = {G. Desaulniers and J. Desrosiers and Y. Dumas and S. Marc and B. Rioux and M.M. Solomon and F. Soumis},
	Date-Added = {2009-01-22 16:20:24 -0800},
	Date-Modified = {2009-01-22 16:22:06 -0800},
	Journal = {European Journal of Operational Research},
	Pages = {245-259},
	Title = {Crew Pairing at Air France},
	Volume = {97},
	Year = {1997}}

@inproceedings{Roy08,
	Author = {Kaushik Roy and Claire J. Tomlin},
	Booktitle = {AIAA Guidance, Navigation, and Control Conference and Exhibit},
	Date-Added = {2009-01-22 15:40:54 -0800},
	Date-Modified = {2009-01-22 15:42:07 -0800},
	Title = {Traffic Flow Management Using Supply Chain and {FIR} Filter Methods},
	Year = {2008}}

@article{Vanderbeck06,
	Author = {Francois Vanderbeck and Martin W.P. Savelsbergh},
	Date-Added = {2009-01-20 18:25:49 -0800},
	Date-Modified = {2009-01-20 18:27:17 -0800},
	Journal = {Operations Research Letters},
	Pages = {296-306},
	Title = {A Generic View of Dantzig-Wolfe Decomposition in Mixed Integer Programming},
	Volume = {34},
	Year = {2006}}

@article{Vanderbeck96,
	Author = {Francois Vanderbeck and Laurence A. Wolsey},
	Date-Added = {2009-01-20 18:23:47 -0800},
	Date-Modified = {2009-01-20 18:25:19 -0800},
	Journal = {Operations Research Letters},
	Pages = {151-159},
	Title = {An Exact Algorithm for {IP} Column Generation},
	Volume = {19},
	Year = {1996}}

@article{Vanderbeck00,
	Author = {Francois Vanderbeck},
	Date-Added = {2009-01-20 18:09:46 -0800},
	Date-Modified = {2009-01-20 18:11:28 -0800},
	Journal = {Operations Research},
	Month = {January-February},
	Number = {1},
	Pages = {111-128},
	Title = {On Dantzig-Wolfe Decomposition in Integer Programming and Ways to Perform Branching in a Branch-and-Price Algorithm},
	Volume = {48},
	Year = {2000}}

@inproceedings{DeArmon08,
	Author = {James DeArmon and Jonathan Hoffman and Thomas Holden and John Mayo and George Solomos and Peter Kuzminski and Anthony Chambliss},
	Booktitle = {Cogress of International Council of the Aeronautical Sciences (ICAS)},
	Date-Added = {2009-01-16 11:10:33 -0800},
	Date-Modified = {2009-01-16 11:15:24 -0800},
	Title = {An Estimation of the Benefits of Air Traffic Flow Management},
	Year = {2008}}

@misc{intel,
	Author = {{Intel Corporation}},
	Date-Added = {2009-01-14 20:17:13 -0800},
	Date-Modified = {2009-01-14 20:19:04 -0800},
	Howpublished = {\url{http://www.intel.com/cd/software/products/asmo-na/eng/307757.htm}},
	Month = {January},
	Title = {The Intel Math Kernel Library},
	Year = {2009}}

@article{Huang99,
	Abstract = {It is well known that to optimize a program for speedup efforts should be focused on the regions where the payoff will be greatest. Loop constructs in a program represent such regions. In the literature, it has been shown that a certain degree of speedup can be achieved by loop unrolling. The technique published so far, however, appears to be applicable to FOR-loops only. This paper presents a generalized loop-unrolling method that can be applied to any type of loop construct. Possible complications in its applications, together with some experimental results, are discussed in detail},
	Author = {Huang, J.C.; Leng, T.},
	Date-Added = {2009-01-14 20:07:18 -0800},
	Date-Modified = {2009-01-14 20:07:18 -0800},
	Journal = {Application-Specific Systems and Software Engineering and Technology, 1999. ASSET '99. Proceedings. 1999 IEEE Symposium on},
	Pages = {244-248},
	Title = {Generalized loop-unrolling: a method for program speedup},
	Year = {1999}}

@misc{glpk,
	Author = {Andrew Makhorin},
	Date-Added = {2009-01-14 20:07:10 -0800},
	Date-Modified = {2010-09-02 12:41:22 -0700},
	Howpublished = {\url{http://www.gnu.org/software/glpk/glpk.html}},
	Title = {{GNU Linear Programming Kit, Version 4.44}},
	Year = {2010}}

@article{Megiddo91,
	Author = {Nimrod Megiddo},
	Date-Added = {2009-01-07 15:29:15 -0800},
	Date-Modified = {2009-01-07 15:30:29 -0800},
	Journal = {ORSA Journal on Computing},
	Number = {1},
	Pages = {63-65},
	Title = {On Finding Primal- and Dual-Optimal Bases},
	Volume = {3},
	Year = {1991}}

@inproceedings{RiosReduction08,
	Address = {Anchorage, Alaska},
	Author = {Joseph Rios and Kevin Ross},
	Booktitle = {AIAA Aviation Technology, Integration and Operations Conference},
	Date-Added = {2009-01-07 15:25:03 -0800},
	Date-Modified = {2009-01-07 15:25:03 -0800},
	Month = {September},
	Title = {Solving High-Fidelity, Large-Scale Traffic Flow Management Problems in Reduced Time},
	Year = {2008},
	Bdsk-File-1 = {YnBsaXN0MDDUAQIDBAUIJidUJHRvcFgkb2JqZWN0c1gkdmVyc2lvblkkYXJjaGl2ZXLRBgdUcm9vdIABqAkKFRYXGyIjVSRudWxs0wsMDQ4RFFpOUy5vYmplY3RzV05TLmtleXNWJGNsYXNzog8QgASABqISE4ACgAOAB1lhbGlhc0RhdGFccmVsYXRpdmVQYXRo0hgNGRpXTlMuZGF0YU8RAfIAAAAAAfIAAgAADE1hY2ludG9zaCBIRAAAAAAAAAAAAAAAAAAAAMjAyCZIKwAAAB+22RdBSUFBLVJpb3NSb3NzQVRJTzA4LnBkZgAAAAAAAAAAAAAAAAAAAAAAAAAAAAAAAAAAAAAAAAAAAAAAAAAAAAAAH7cmxOLE0AAAAAAAAAAAAAQABAAACSAAAAAAAAAAAAAAAAAAAAARc2VsZWN0aXZlX3dyaXRldXAAABAACAAAyMEqlgAAABEACAAAxOMnQAAAAAEAFAAfttkAH7YKABxZYgAKapEABGdRAAIAXE1hY2ludG9zaCBIRDpVc2VyczpqbHJpb3M6cHJvamVjdHM6bW9kZWxfcmVkdWN0aW9uOnNlbGVjdGl2ZV93cml0ZXVwOkFJQUEtUmlvc1Jvc3NBVElPMDgucGRmAA4AMAAXAEEASQBBAEEALQBSAGkAbwBzAFIAbwBzAHMAQQBUAEkATwAwADgALgBwAGQAZgAPABoADABNAGEAYwBpAG4AdABvAHMAaAAgAEgARAASAE9Vc2Vycy9qbHJpb3MvcHJvamVjdHMvbW9kZWxfcmVkdWN0aW9uL3NlbGVjdGl2ZV93cml0ZXVwL0FJQUEtUmlvc1Jvc3NBVElPMDgucGRmAAATAAEvAAAVAAIADf//AACABdIcHR4fWCRjbGFzc2VzWiRjbGFzc25hbWWjHyAhXU5TTXV0YWJsZURhdGFWTlNEYXRhWE5TT2JqZWN0XxBOLi4vLi4vLi4vLi4vcHJvamVjdHMvbW9kZWxfcmVkdWN0aW9uL3NlbGVjdGl2ZV93cml0ZXVwL0FJQUEtUmlvc1Jvc3NBVElPMDgucGRm0hwdJCWiJSFcTlNEaWN0aW9uYXJ5EgABhqBfEA9OU0tleWVkQXJjaGl2ZXIACAARABYAHwAoADIANQA6ADwARQBLAFIAXQBlAGwAbwBxAHMAdgB4AHoAfACGAJMAmACgApYCmAKdAqYCsQK1AsMCygLTAyQDKQMsAzkDPgAAAAAAAAIBAAAAAAAAACgAAAAAAAAAAAAAAAAAAANQ}}

@article{Dantzig60,
	Author = {George B. Dantzig and Philip Wolfe},
	Date-Added = {2009-01-07 15:22:59 -0800},
	Date-Modified = {2009-01-07 15:28:03 -0800},
	Journal = {Operations Research},
	Month = {January-February},
	Number = {1},
	Pages = {101-111},
	Title = {Decomposition Principle for Linear Programs},
	Volume = {8},
	Year = {1960}}

@inproceedings{Mukherjee08,
	Author = {Avijit Mukherjee and Shon Grabbe and Banavar Sridhar},
	Booktitle = {AIAA Guidance, Navigation, and Control Conference and Exhibit},
	Date-Added = {2008-05-08 16:05:46 -0700},
	Date-Modified = {2008-05-08 16:07:22 -0700},
	Month = {August},
	Title = {Alleviating Airspace Restriction through Strategic Control},
	Year = {2008},
	Bdsk-File-1 = {YnBsaXN0MDDUAQIDBAUIJidUJHRvcFgkb2JqZWN0c1gkdmVyc2lvblkkYXJjaGl2ZXLRBgdUcm9vdIABqAkKFRYXGyIjVSRudWxs0wsMDQ4RFFpOUy5vYmplY3RzV05TLmtleXNWJGNsYXNzog8QgASABqISE4ACgAOAB1lhbGlhc0RhdGFccmVsYXRpdmVQYXRo0hgNGRpXTlMuZGF0YU8RAZQAAAAAAZQAAgAADE1hY2ludG9zaCBIRAAAAAAAAAAAAAAAAAAAAMjAyCZIKwAAAA3tLg9NdWtoZXJqZWUwOC5wZGYAAAAAAAAAAAAAAAAAAAAAAAAAAAAAAAAAAAAAAAAAAAAAAAAAAAAAAAAAAAAAAAAADgSxxxiRbFBERiBDQVJPAAMAAgAACSAAAAAAAAAAAAAAAAAAAAAIYXJ0aWNsZXMAEAAIAADIwSqWAAAAEQAIAADHGQHsAAAAAQAQAA3tLgAN1ewACmqRAARnUQACADxNYWNpbnRvc2ggSEQ6VXNlcnM6amxyaW9zOkRvY3VtZW50czphcnRpY2xlczpNdWtoZXJqZWUwOC5wZGYADgAgAA8ATQB1AGsAaABlAHIAagBlAGUAMAA4AC4AcABkAGYADwAaAAwATQBhAGMAaQBuAHQAbwBzAGgAIABIAEQAEgAvVXNlcnMvamxyaW9zL0RvY3VtZW50cy9hcnRpY2xlcy9NdWtoZXJqZWUwOC5wZGYAABMAAS8AABUAAgAN//8AAIAF0hwdHh9YJGNsYXNzZXNaJGNsYXNzbmFtZaMfICFdTlNNdXRhYmxlRGF0YVZOU0RhdGFYTlNPYmplY3RfECEuLi8uLi8uLi9hcnRpY2xlcy9NdWtoZXJqZWUwOC5wZGbSHB0kJaIlIVxOU0RpY3Rpb25hcnkSAAGGoF8QD05TS2V5ZWRBcmNoaXZlcgAIABEAFgAfACgAMgA1ADoAPABFAEsAUgBdAGUAbABvAHEAcwB2AHgAegB8AIYAkwCYAKACOAI6Aj8CSAJTAlcCZQJsAnUCmQKeAqECrgKzAAAAAAAAAgEAAAAAAAAAKAAAAAAAAAAAAAAAAAAAAsU=}}

@book{Bertsimas97,
	Address = {Belmont, Massachusetts},
	Author = {Dimitris Bertsimas and John N. Tsitsiklis},
	Date-Added = {2008-03-28 15:24:51 -0700},
	Date-Modified = {2008-03-28 15:26:51 -0700},
	Publisher = {Athena Scientific},
	Title = {Introduction to Linear Optimization},
	Year = {1997}}

@book{Hillier05,
	Author = {Frederick S. Hillier and Gerald J. Lieberman},
	Date-Added = {2008-03-28 15:23:08 -0700},
	Date-Modified = {2008-03-28 15:24:38 -0700},
	Edition = {8th},
	Publisher = {McGraw-Hill},
	Title = {Introduction to Operations Research},
	Year = {2005}}

@inbook{Megiddo87,
	Author = {Nimrod Megiddo},
	Chapter = {6},
	Date-Added = {2008-03-28 15:17:17 -0700},
	Date-Modified = {2008-03-28 15:22:47 -0700},
	Editor = {Truman F. Bewley},
	Publisher = {Cambridge University Press},
	Title = {Advances in Economic Theory},
	Year = {1987}}

@article{Lulli07,
	Author = {Guglielmo Lulli and Amedeo R. Odoni},
	Date-Added = {2008-03-28 12:38:34 -0700},
	Date-Modified = {2008-03-28 12:39:42 -0700},
	Journal = {Transportation Science},
	Month = {November},
	Number = {4},
	Pages = {431-443},
	Rating = {2},
	Read = {Yes},
	Title = {The European Air Traffic Flow Management Problem},
	Volume = {41},
	Year = {2007}}

@article{Bayen06,
	Author = {Alexandre M. Bayen and Robin L. Raffard and Claire J. Tomlin},
	Date-Added = {2008-03-28 12:32:46 -0700},
	Date-Modified = {2008-03-28 12:34:48 -0700},
	Journal = {{IEEE} Transactions on Control Systems Technology},
	Month = {September},
	Number = {5},
	Pages = {804-818},
	Title = {Adjoint-based control of a new Eulerian network model of air traffic flow},
	Volume = {14},
	Year = {2006}}

@techreport{asdi,
	Institution = {Volpe National Transportation Center, U.S. Department of Transportation},
	Month = {June},
	Number = {{ASDI-FD-001}},
	Title = {Aircraft Situation Display To Industry: Functional Description and Interface Control Document},
	Year = {2005}}

@book{Fourer89,
	Address = {Murray Hill, NJ},
	Author = {R. Fourer and D. Gay and B. Kernighan},
	Date-Modified = {2012-08-23 18:07:56 -0700},
	Edition = {2},
	Month = {November},
	Publisher = {Duxbury Press},
	Title = {{AMPL}: A Modeling Language for Mathematical Programming},
	Year = {2002}}

@article{Bertsimas98,
	Author = {Dimitris Bertsimas and Sarah Stock Patterson},
	Date-Modified = {2009-05-04 17:26:15 -0700},
	Journal = {Operations Research},
	Month = {May-June},
	Number = {3},
	Pages = {406--422},
	Rating = {5},
	Read = {Yes},
	Title = {The Air Traffic Flow Management Problem with Enroute Capacities},
	Volume = {46},
	Year = {1998},
	Bdsk-File-1 = {YnBsaXN0MDDUAQIDBAUIJidUJHRvcFgkb2JqZWN0c1gkdmVyc2lvblkkYXJjaGl2ZXLRBgdUcm9vdIABqAkKFRYXGyIjVSRudWxs0wsMDQ4RFFpOUy5vYmplY3RzV05TLmtleXNWJGNsYXNzog8QgASABqISE4ACgAOAB1lhbGlhc0RhdGFccmVsYXRpdmVQYXRo0hgNGRpXTlMuZGF0YU8RAYwAAAAAAYwAAgAADE1hY2ludG9zaCBIRAAAAAAAAAAAAAAAAAAAAMjAyCZIKwAAAA3tLg1CZXJ0c2ltYXMucGRmAAAAAAAAAAAAAAAAAAAAAAAAAAAAAAAAAAAAAAAAAAAAAAAAAAAAAAAAAAAAAAAAAAAADe+HwvM4egAAAAAAAAAAAAMAAgAACSAAAAAAAAAAAAAAAAAAAAAIYXJ0aWNsZXMAEAAIAADIwSqWAAAAEQAIAADC85rqAAAAAQAQAA3tLgAN1ewACmqRAARnUQACADpNYWNpbnRvc2ggSEQ6VXNlcnM6amxyaW9zOkRvY3VtZW50czphcnRpY2xlczpCZXJ0c2ltYXMucGRmAA4AHAANAEIAZQByAHQAcwBpAG0AYQBzAC4AcABkAGYADwAaAAwATQBhAGMAaQBuAHQAbwBzAGgAIABIAEQAEgAtVXNlcnMvamxyaW9zL0RvY3VtZW50cy9hcnRpY2xlcy9CZXJ0c2ltYXMucGRmAAATAAEvAAAVAAIADf//AACABdIcHR4fWCRjbGFzc2VzWiRjbGFzc25hbWWjHyAhXU5TTXV0YWJsZURhdGFWTlNEYXRhWE5TT2JqZWN0XxAfLi4vLi4vLi4vYXJ0aWNsZXMvQmVydHNpbWFzLnBkZtIcHSQloiUhXE5TRGljdGlvbmFyeRIAAYagXxAPTlNLZXllZEFyY2hpdmVyAAgAEQAWAB8AKAAyADUAOgA8AEUASwBSAF0AZQBsAG8AcQBzAHYAeAB6AHwAhgCTAJgAoAIwAjICNwJAAksCTwJdAmQCbQKPApQClwKkAqkAAAAAAAACAQAAAAAAAAAoAAAAAAAAAAAAAAAAAAACuw==}}

@article{Bertsimas00,
	Author = {Dimitris Bertsimas and Sarah Stock Patterson},
	Journal = {Transportation Science},
	Month = {August},
	Number = {3},
	Pages = {239--255},
	Title = {The Traffic Flow Management Rerouting Problem in Air Traffic Control: A Dynamic Network Flow Approach},
	Volume = {34},
	Year = {2000}}

@article{Chang01,
	Author = {Kan Chang and Ken Howard and Rick Oiesen and Lara Shisler and Midori Tanino and Michael C. Wambsganss},
	Journal = {Interfaces},
	Month = {January-February},
	Number = {1},
	Pages = {57--76},
	Title = {Enhancements to the {FAA} Ground-Delay Program Under Collaborative Decision Making},
	Volume = {31},
	Year = {2001}}

@misc{ilog,
	Author = {{ILOG, Inc.}},
	Howpublished = {\url{http://www.ilog.com/products/cplex/}},
	Month = {April},
	Title = {{ILOG CPLEX}},
	Year = {2007}}

@inproceedings{Krozel03,
	Address = {Austin, Texas},
	Author = {Jimmy Krozel and Bob Hoffman and Steve Penny and Taryn Butler},
	Booktitle = {AIAA Guidance, Navigation, and Control Conference and Exhibit},
	Month = {August},
	Title = {Aggregate Statistics of the National Airspace System},
	Year = {2003}}

@inproceedings{Sridhar04,
	Address = {Providence, Rhode Island},
	Author = {Banavar Sridhar and Tarun Soni and Kapil Sheth and Gano Chatterji},
	Booktitle = {AIAA Guidance, Navigation, and Control Conference and Exhibit},
	Month = {August},
	Title = {An Aggregate Flow Model for Air Traffic Management},
	Year = {2004}}

@inproceedings{Farley05,
	Address = {Arlington, Virgina},
	Author = {Todd C. Farley and Steven J. Landry and Ty Hoang and Monicarol Nickelson and Kerry M. Levin and Dennis Rowe and Jerry D. Welsh},
	Booktitle = {AIAA Aviation Technology, Integration and Operations Conference},
	Month = {September},
	Title = {Multi-Center Traffic Management Advisor: Operational Test Results},
	Year = {2005}}

@article{Oussedik98,
	Author = {Sofiane Oussedik and Daniel Delahaye},
	Journal = {Lecture Notes in Computer Science},
	Pages = {855--864},
	Title = {Reduction of Air Traffic Congestion by Genetic Algorithms},
	Volume = {1498},
	Year = {1998}}

@article{Ball04,
	Author = {Michael O. Ball and Guglielmo Lulli},
	Journal = {Air Traffic Control Quarterly},
	Pages = {1--25},
	Title = {Ground Delay Programs: Optimizing Over the Included Flight Set Based on Distance},
	Volume = {12},
	Year = {2004}}

@article{Vossen03,
	Author = {Thomas Vossen and Michael O. Ball and Robert Hoffman},
	Journal = {Air Traffic Control Quarterly},
	Pages = {277--292},
	Title = {A General Approach to Equity in Traffic Flow Management and its Application to Mitigating Exemption Bias in Ground Delay Programs},
	Volume = {11},
	Year = {2003}}

@article{Bayen05,
	Author = {Alexandre M. Bayen and Pascal Grieder and George Meyer and Claire J. Tomlin},
	Journal = {Journal of Guidance, Control, and Dynamics},
	Number = {5},
	Pages = {1015--1026},
	Title = {Lagrangian Delay Predictive Model for Sector-Based Air Traffic Flow},
	Volume = {28},
	Year = {2005}}

@article{Menon04,
	Author = {P.K. Menon and G.D. Sweridul and K.D. Bilimoria},
	Journal = {Journal of Guidance, Control, and Dynamics},
	Number = {5},
	Pages = {737--744},
	Title = {New Approach for Modeling, Analysis, and Control of Air Traffic Flow},
	Volume = {27},
	Year = {2004}}

@article{Vranas94,
	Author = {Peter B. Vranas and Dimitris J. Bertsimas and Amedeo R. Odoni},
	Journal = {Operation Research},
	Number = {2},
	Pages = {249--261},
	Title = {The Mulit-Airport Ground-Holding Problem in Air Traffic Control},
	Volume = {42},
	Year = {1994}}

@inproceedings{Evans03,
	Address = {Budapest, Hungary},
	Author = {James Evans and Michael Robinson and Bradley Crowe and Diana Klingle-Wilson and Shawn Allan},
	Booktitle = {{ATM2003}},
	Month = {June},
	Title = {Reducing Severe Weather Delays in Congested Airspace with Weather Decision Support for Tactical Air Traffic Management},
	Year = {2003}}

@inproceedings{Barnier01,
	Address = {Santa Fe, New Mexico},
	Author = {Nicolas Barnier and Pascal Brisset and Thomas Riviere},
	Booktitle = {{ATM2001}},
	Month = {June},
	Title = {Reducing Severe Weather Delays in Congested Airspace with Weather Decision Support for Tactical Air Traffic Management},
	Year = {2001}}

@misc{Nilim04,
	Author = {Arnab Nilim and Laurent El Ghaoui},
	Date-Modified = {2009-10-29 16:33:09 -0700},
	Text = {A. Nilim and L. El Ghaoui. Algorithms for air traffic flow management under stochastic environments. In Proc. of American Control Conference, 2004.},
	Title = {Algorithms for Air Traffic Flow Management Under Stochastic Environments},
	Year = {2004}}

@inproceedings{Rios07,
	Address = {Hilton Head, South Carolina},
	Author = {Joseph Rios and Kevin Ross},
	Booktitle = {AIAA Guidance, Navigation, and Control Conference and Exhibit},
	Month = {August},
	Title = {Delay Optimization for Airspace Capacity Management with Runtime and Equity Considerations},
	Year = {2007},
	Bdsk-File-1 = {YnBsaXN0MDDUAQIDBAUIJidUJHRvcFgkb2JqZWN0c1gkdmVyc2lvblkkYXJjaGl2ZXLRBgdUcm9vdIABqAkKFRYXGyIjVSRudWxs0wsMDQ4RFFpOUy5vYmplY3RzV05TLmtleXNWJGNsYXNzog8QgASABqISE4ACgAOAB1lhbGlhc0RhdGFccmVsYXRpdmVQYXRo0hgNGRpXTlMuZGF0YU8RAdAAAAAAAdAAAgAADE1hY2ludG9zaCBIRAAAAAAAAAAAAAAAAAAAAMjAyCZIKwAAAB+e4xZBSUFBLTIwMDctNjM1OS0xMzAucGRmAAAAAAAAAAAAAAAAAAAAAAAAAAAAAAAAAAAAAAAAAAAAAAAAAAAAAAAAH59XwvNahgAAAAAAAAAAAAQABAAACSAAAAAAAAAAAAAAAAAAAAAHd3JpdGV1cAAAEAAIAADIwSqWAAAAEQAIAADC87z2AAAAAQAUAB+e4wAfnWkAHFliAApqkQAEZ1EAAgBRTWFjaW50b3NoIEhEOlVzZXJzOmpscmlvczpwcm9qZWN0czpncmVlZHlfZmFpcm5lc3M6d3JpdGV1cDpBSUFBLTIwMDctNjM1OS0xMzAucGRmAAAOAC4AFgBBAEkAQQBBAC0AMgAwADAANwAtADYAMwA1ADkALQAxADMAMAAuAHAAZABmAA8AGgAMAE0AYQBjAGkAbgB0AG8AcwBoACAASABEABIARFVzZXJzL2pscmlvcy9wcm9qZWN0cy9ncmVlZHlfZmFpcm5lc3Mvd3JpdGV1cC9BSUFBLTIwMDctNjM1OS0xMzAucGRmABMAAS8AABUAAgAN//8AAIAF0hwdHh9YJGNsYXNzZXNaJGNsYXNzbmFtZaMfICFdTlNNdXRhYmxlRGF0YVZOU0RhdGFYTlNPYmplY3RfEEMuLi8uLi8uLi8uLi9wcm9qZWN0cy9ncmVlZHlfZmFpcm5lc3Mvd3JpdGV1cC9BSUFBLTIwMDctNjM1OS0xMzAucGRm0hwdJCWiJSFcTlNEaWN0aW9uYXJ5EgABhqBfEA9OU0tleWVkQXJjaGl2ZXIACAARABYAHwAoADIANQA6ADwARQBLAFIAXQBlAGwAbwBxAHMAdgB4AHoAfACGAJMAmACgAnQCdgJ7AoQCjwKTAqECqAKxAvcC/AL/AwwDEQAAAAAAAAIBAAAAAAAAACgAAAAAAAAAAAAAAAAAAAMj}}

@inproceedings{RiosParallel08,
	Address = {Honolulu, Hawaii},
	Author = {Joseph Rios and Kevin Ross},
	Booktitle = {AIAA Guidance, Navigation, and Control Conference and Exhibit},
	Date-Modified = {2009-09-17 10:39:40 -0700},
	Doi = {Add data for field: Doi},
	Month = {August},
	Rating = {4},
	Read = {Yes},
	Title = {Parallelization of the Traffic Flow Management Problem},
	Year = {2008},
	Bdsk-File-1 = {YnBsaXN0MDDUAQIDBAUIJidUJHRvcFgkb2JqZWN0c1gkdmVyc2lvblkkYXJjaGl2ZXLRBgdUcm9vdIABqAkKFRYXGyIjVSRudWxs0wsMDQ4RFFpOUy5vYmplY3RzV05TLmtleXNWJGNsYXNzog8QgASABqISE4ACgAOAB1lhbGlhc0RhdGFccmVsYXRpdmVQYXRo0hgNGRpXTlMuZGF0YU8RAdgAAAAAAdgAAgAADE1hY2ludG9zaCBIRAAAAAAAAAAAAAAAAAAAAMjAyCZIKwAAAB/cVhZBSUFBLVJpb3NSb3NzR05DMDgucGRmAAAAAAAAAAAAAAAAAAAAAAAAAAAAAAAAAAAAAAAAAAAAAAAAAAAAAAAAH9xyxOLEnwAAAAAAAAAAAAQABAAACSAAAAAAAAAAAAAAAAAAAAAHd3JpdGV1cAAAEAAIAADIwSqWAAAAEQAIAADE4ycPAAAAAQAUAB/cVgAfy0UAHFliAApqkQAEZ1EAAgBVTWFjaW50b3NoIEhEOlVzZXJzOmpscmlvczpwcm9qZWN0czpvcHRpbWl6YXRpb25fc2VydmVyOndyaXRldXA6QUlBQS1SaW9zUm9zc0dOQzA4LnBkZgAADgAuABYAQQBJAEEAQQAtAFIAaQBvAHMAUgBvAHMAcwBHAE4AQwAwADgALgBwAGQAZgAPABoADABNAGEAYwBpAG4AdABvAHMAaAAgAEgARAASAEhVc2Vycy9qbHJpb3MvcHJvamVjdHMvb3B0aW1pemF0aW9uX3NlcnZlci93cml0ZXVwL0FJQUEtUmlvc1Jvc3NHTkMwOC5wZGYAEwABLwAAFQACAA3//wAAgAXSHB0eH1gkY2xhc3Nlc1okY2xhc3NuYW1lox8gIV1OU011dGFibGVEYXRhVk5TRGF0YVhOU09iamVjdF8QRy4uLy4uLy4uLy4uL3Byb2plY3RzL29wdGltaXphdGlvbl9zZXJ2ZXIvd3JpdGV1cC9BSUFBLVJpb3NSb3NzR05DMDgucGRm0hwdJCWiJSFcTlNEaWN0aW9uYXJ5EgABhqBfEA9OU0tleWVkQXJjaGl2ZXIACAARABYAHwAoADIANQA6ADwARQBLAFIAXQBlAGwAbwBxAHMAdgB4AHoAfACGAJMAmACgAnwCfgKDAowClwKbAqkCsAK5AwMDCAMLAxgDHQAAAAAAAAIBAAAAAAAAACgAAAAAAAAAAAAAAAAAAAMv}}

@inproceedings{Grabbe07,
	Address = {Hilton Head, South Carolina},
	Author = {Shon Grabbe and Banavar Sridhar and Avijit Mukherjee},
	Booktitle = {AIAA Guidance, Navigation, and Control Conference and Exhibit},
	Month = {August},
	Title = {Central East Pacific Flight Scheduling},
	Year = {2007},
	Bdsk-File-1 = {YnBsaXN0MDDUAQIDBAUIJidUJHRvcFgkb2JqZWN0c1gkdmVyc2lvblkkYXJjaGl2ZXLRBgdUcm9vdIABqAkKFRYXGyIjVSRudWxs0wsMDQ4RFFpOUy5vYmplY3RzV05TLmtleXNWJGNsYXNzog8QgASABqISE4ACgAOAB1lhbGlhc0RhdGFccmVsYXRpdmVQYXRo0hgNGRpXTlMuZGF0YU8RAYgAAAAAAYgAAgAADE1hY2ludG9zaCBIRAAAAAAAAAAAAAAAAAAAAMjAyCZIKwAAAA3tLgxHcmFiYmUwNy5wZGYAAAAAAAAAAAAAAAAAAAAAAAAAAAAAAAAAAAAAAAAAAAAAAAAAAAAAAAAAAAAAAAAAAAAADfvcxxiSfVBERiBDQVJPAAMAAgAACSAAAAAAAAAAAAAAAAAAAAAIYXJ0aWNsZXMAEAAIAADIwSqWAAAAEQAIAADHGQL9AAAAAQAQAA3tLgAN1ewACmqRAARnUQACADlNYWNpbnRvc2ggSEQ6VXNlcnM6amxyaW9zOkRvY3VtZW50czphcnRpY2xlczpHcmFiYmUwNy5wZGYAAA4AGgAMAEcAcgBhAGIAYgBlADAANwAuAHAAZABmAA8AGgAMAE0AYQBjAGkAbgB0AG8AcwBoACAASABEABIALFVzZXJzL2pscmlvcy9Eb2N1bWVudHMvYXJ0aWNsZXMvR3JhYmJlMDcucGRmABMAAS8AABUAAgAN//8AAIAF0hwdHh9YJGNsYXNzZXNaJGNsYXNzbmFtZaMfICFdTlNNdXRhYmxlRGF0YVZOU0RhdGFYTlNPYmplY3RfEB4uLi8uLi8uLi9hcnRpY2xlcy9HcmFiYmUwNy5wZGbSHB0kJaIlIVxOU0RpY3Rpb25hcnkSAAGGoF8QD05TS2V5ZWRBcmNoaXZlcgAIABEAFgAfACgAMgA1ADoAPABFAEsAUgBdAGUAbABvAHEAcwB2AHgAegB8AIYAkwCYAKACLAIuAjMCPAJHAksCWQJgAmkCigKPApICnwKkAAAAAAAAAgEAAAAAAAAAKAAAAAAAAAAAAAAAAAAAArY=}}

@inproceedings{Ivaldi06,
	Address = {Atlanta, GA},
	Author = {Chuck Ivaldi and David Reynolds},
	Booktitle = {12th Conf. on Aviation, Range and Aerospace Meteorology},
	Month = {January},
	Title = {Upgrade and Technology Transfer of the San Francisco Marine Stratus Forecast System to the National Weather Service},
	Year = {2006}}

@inproceedings{Bilimoria00,
	Address = {Napoli, Italy},
	Author = {Karl Bilimoria and Banavar Sridhar and Gano Chatterji and Kapil Sheth and Shon Grabbe},
	Booktitle = {{ATM2000}},
	Month = {June},
	Title = {{FACET}: Future {ATM} Concepts Evaluation Tool},
	Year = {2000}}

@inproceedings{Menon05,
	Address = {San Francisco, CA},
	Author = {P.K. Menon and G.M. Diaz and S.S. Vaddi and Shon Grabbe},
	Booktitle = {AIAA Guidance, Navigation, and Control Conference and Exhibit},
	Month = {August},
	Title = {A Rapid-Prototyping Environment for En Route Air Traffic Management Research},
	Year = {2005}}
