@TechReport{pdsdp,
  author = "S. J. Benson",
  title = "Parallel Computing on Semidefinite Programs",
  institution =  "Mathematics and Computer Science Division, Argonne National Laboratory",
  number= "ANL/MCS-P939-0302",
  month = "March",
  year = "2003",
  location ="ftp://info.mcs.anl.gov/pub/tech_reports/reports/P939.pdf",
  note="Submitted to Parallel Computing",
}

