% This file was created with JabRef 2.7.2.
% Encoding: Cp1252

@STRING{DECA = {Decision Anal.}}

@STRING{EJOR = {Eur. J. Oper. Res.}}

@STRING{IJOC = {INFORMS J. Comput.}}

@STRING{INTE = {Interfaces}}

@STRING{ISRE = {Inform. Systems Res.}}

@STRING{JOTA = {J. Optim. Theory Appl.}}

@STRING{LAA = {Linear Algebra Appl.}}

@STRING{MC = {Math. Comput.}}

@STRING{MNSC = {Management Sci.}}

@STRING{MOOR = {Math. Oper. Res.}}

@STRING{MP = {Math. Programming}}

@STRING{MPA = {Math. Programming, Ser.˜A}}

@STRING{MPB = {Math. Programming, Ser.˜B}}

@STRING{MPS = {Math. Programming Stud.}}

@STRING{MSOM = {Manufacturing Service Oper. Management}}

@STRING{NUMMATH = {Numer. Math.}}

@STRING{OPRE = {Oper. Res.}}

@STRING{ORSAC = {ORSA J. Comput.}}

@STRING{ORSC = {Organ. Sci.}}

@STRING{SIAPM = {SIAM J. Appl. Math.}}

@STRING{SIC = {SIAM J. Comput.}}

@STRING{SICON = {SIAM J. Control Optim.}}

@STRING{SINUM = {SIAM J. Numer. Anal.}}

@STRING{SIOPT = {SIAM J. Optim.}}

@STRING{SIREV = {SIAM Rev.}}

@STRING{SISC = {SIAM J. Sci. Comput.}}

@STRING{TOMS = {ACM Trans. Math. Software}}

@STRING{TR = {Transportation Res.}}

@STRING{TRA = {Transportation Res. A}}

@STRING{TRB = {Transportation Res. B}}

@STRING{TRC = {Transportation Res. C}}

@STRING{TRSC = {Transportation Sci.}}

@MISC{acer04,
  author = {Acero, Juan C.},
  title = {Implementaci{\'o}n y an{\'a}lisis del modelo de programaci{\'o}n
	de buses de transporteurbano},
  howpublished = {Undergrad thesis},
  month = {Diciembre},
  year = {2004}
}

@MASTERSTHESIS{aran04,
  author = {Arana, Diana Margarita},
  title = {Herramienta para el dise{\~n}o {\'o}ptimo de la red de rutas en sistemas
	de transportemasivocon aplicaci{\'o}n a {Transmilenio S.A.}},
  school = {Universidad de los Andes},
  year = {2004},
  month = {Julio}
}

@ARTICLE{baaj.mahm95,
  author = {Baaj, M. H. and Mahmassani, H.S.},
  title = {Hybrid route generation heuristic algorithm for the design of transit
	network.},
  journal = {Transportation Research},
  year = {1995},
  volume = {3C(1)},
  pages = {31-50}
}

@ARTICLE{baaj.mahm90,
  author = {Baaj, M. H. and Mahmassani, H.S.},
  title = {Trust: A {LISP} program for the analysis of transit route configurations.},
  journal = {Transportation Research Record},
  year = {1990},
  volume = {1283},
  pages = {125-135}
}

@ARTICLE{baaj.mahm91,
  author = {M. H. Baaj and Mahmassani, H. S.},
  title = {An {AI}-Based approach for transit Route System Planning and Design},
  journal = {Journal of Advanced Transportation},
  year = {1991},
  volume = {25(2)},
  pages = {187-210}
}

@MANUAL{tran85D,
  title = {Lineamientos para el dise{\~n}o de un nuevo sistema de rutas de transporte
	p{\'u}blico para la ciudad de Santa F{\'e} de Bogot{\'a}. Informe
	Final},
  author = {Bocarejo H., Pablo E.},
  organization = {Alcald{\'\i}a Mayor de Bogot{\'a}. DNP, BCEOM. Ingenieros Consultores
	\& Cia.},
  month = {Febrero},
  year = {1998},
  howpublished = {0085D},
  owner = {Juan Camilo Acero},
  timestamp = {2005.12.18}
}

@ARTICLE{bran.lind.ea98,
  author = {U. Br{\"a}nnlund and P. O. Lindberg and A. N{\~o}u and J. E. Nilsson},
  title = {Railway timetabling using {L}agrangian relaxation},
  journal = TRSC,
  year = {1998},
  volume = {32(4)},
  pages = {358--369}
}

@ARTICLE{capr.fish.ea02,
  author = {A. Caprara and M. Fischetti and P. Toth},
  title = {Modeling and solving the train timetable problem},
  journal = OPRE,
  year = {2002},
  volume = {50(5)},
  pages = {851--861}
}

@INCOLLECTION{cede03,
  author = {Ceder, Avishai},
  title = {Public transport timetabling and vehicle scheduling},
  booktitle = {Advanced modeling for transit operations and service planning},
  publisher = {Pergamon},
  year = {2003},
  editor = {William, Lam and Bell, Michael},
  pages = {31-58}
}

@ARTICLE{cede02,
  author = {Ceder, Avishai},
  title = {Urban transit scheduling: framework, review and examples},
  journal = {Journal of Urban Planning \& Development},
  year = {2002},
  volume = {128},
  pages = {225},
  owner = {german}
}

@ARTICLE{cede86,
  author = {Ceder, Avishai},
  title = {Methods for creating bus timetables},
  journal = TR,
  year = {1986},
  volume = {21A},
  pages = {59-83}
}

@ARTICLE{cede.gone80,
  author = {Ceder, A. and Gonen, D.},
  title = {The operational planning process of a bus company},
  journal = {UITP Rev.},
  year = {1980},
  volume = {29},
  pages = {199-218}
}

@INPROCEEDINGS{cede.ster84,
  author = {Ceder, A. and Stern, H. I.},
  title = {Optimal Transit timetables for a fixed vehicle fleet},
  booktitle = {Proc., 10th International Symp. on Transportation and Traffic Theory},
  year = {1984},
  pages = {331-355},
  publisher = {Volmuller, J. and R. Hammerstag},
  abstract = {Proc., 10th International Symp. on Transportation and traffic theory,
	volmuller}
}

@ARTICLE{cede.ster81,
  author = {Ceder, A. and Stern, Herman I.},
  title = {Deficit function bus scheduling with deadheading trip insertions
	for fleetsizereduction },
  journal = TRSC,
  year = {1981},
  volume = {15(4)},
  pages = {338-363}
}

@INCOLLECTION{cede.tal99,
  author = {Ceder, A. and Tal, O.},
  title = {Timetable synchronization for buses},
  booktitle = {Computer-aided scheduling of public transport},
  publisher = {Springer, New York},
  year = {1999},
  editor = {Voss, Stefan and Daduna, Joachim R.},
  pages = {245-258},
  dontthinkispublisher = {N. H. M. Wilson, Springer New York}
}

@ARTICLE{cede.wils86,
  author = {Ceder, A. and Wilson, N. H. M.},
  title = {Bus Network Design},
  journal = TR,
  year = {1986},
  volume = {20B(4)},
  pages = {331-344}
}

@ARTICLE{chan.chun05,
  author = {Chang, Shaw-Ching and Chung, Yu-Chi},
  title = {From timetabling to train regulation: a new train operation model},
  journal = {Information and Software Technology},
  year = {2005},
  volume = {47},
  pages = {575--585}
}

@BOOK{dadu.wren88,
  title = {Computed-aided transit scheduling, Lecture notes in economics and
	mathematicalsystem308},
  publisher = {Springer, New York},
  year = {1988},
  author = {Daduna, J. R. and Wren, A.}
}

@UNPUBLISHED{daga.erre95,
  author = {Daganzo, C. F. and Errera, A. L.},
  title = {On Planning and design of Logistics systems for uncertain enviroments},
  note = {Working Paper},
  year = {1995}
}

@MISC{dane05,
  author = {DANE},
  title = {{DANE} webpage},
  year = {2005},
  note = {Available at \url{http://www.dane.gov.co}}
}

@ARTICLE{dess.lu.ea06,
  author = {Dessouky, Maged M. and Lu, Quan and Zhao, Jiamin and Leachman, Robert
	C.},
  title = {An exact solution procedure to determine the optimal dispatching
	times for complex rail networks},
  journal = {IIE Transactions},
  year = {2006},
  volume = {38},
  pages = {141 -- 152},
  number = {2},
  doi = {10.1080/074081791008988},
  owner = {german}
}

@ARTICLE{furt.wils81,
  author = {Furth, P. G. and Wilson, N. H. M.},
  title = {Setting frequencies on bus routes},
  journal = {Transportation Research Record},
  year = {1981},
  volume = {818},
  pages = {1-7}
}

@ARTICLE{gavi.schw78,
  author = {B. Gavish and P. Schweitzer},
  title = {Assigning buses to schedules in a metropolitan area},
  journal = {Computers and Operations Research},
  year = {1978},
  volume = {5},
  pages = {129--138}
}

@ARTICLE{gent.nguy.ea05,
  author = {Gentile, Guido and Nguyen, Sang and Pallottino, Stefano},
  title = {Route Choice on Transit Networks with Online Information at Stops},
  journal = TRSC,
  year = {2005},
  volume = {39},
  pages = {289--297},
  number = {3},
  month = {August},
  abstract = {Passengers on a transit network with common lines are often faced
	with the problem of choosing between
	
	either to board the arriving bus or to wait for a faster one. Many
	assignment models are based on the
	
	classical assumption that at a given stop passengers board the first
	arriving carrier of a certain subset of the
	
	available lines, often referred to as the attractive set. In this
	case, it has been shown that, if the headway
	
	distributions are exponential, then an optimal subset of lines minimizing
	the passenger travel time can be easily
	
	determined. However, when online information on future arrivals of
	buses are posted at the stop, it is unlikely
	
	that the above classical assumption holds. In this case, passengers
	may choose to board a line that offers the best
	
	combination of displayed waiting time and expected travel time to
	their destination once boarded. In this paper,
	
	we propose a general framework for determining the probability of
	boarding each line available at a stop when
	
	online information on bus waiting times is provided to passengers.
	We will also show that the classical model
	
	without online information may be interpreted as a particular instance
	of the proposed framework, this way
	
	achieving an extension to general headway distributions. The impact
	of the availability of information regarding
	
	bus arrivals and that of the regularity of transit lines on the network
	loads, as well as on the passenger travel
	
	times, will be illustrated with small numerical examples.},
  doi = {10.1287/trsc.1040.0109},
  owner = {German Riaño},
  timestamp = {2005.11.30}
}

@INCOLLECTION{kout.odon.ea85,
  author = {Koutsopoulos, H. and Odoni, A. and Wilson, {N.} H. M.},
  title = {Determination of headways as function of time varying characteristics
	on a transit network},
  booktitle = {Computer scheduling of public transport 2},
  publisher = {North- Holland, Amsterdam},
  year = {1985},
  editor = {J. M. Rousseau},
  pages = {391--414}
}

@BOOK{lam.bell03,
  title = {Advanced modeling for transit operations and service planning},
  publisher = {Pergamon},
  year = {2003},
  author = {Lam,William and Bell, Michael}
}

@ARTICLE{mahm91,
  author = {Mahmassani, H.S.},
  title = {An AI-Based Approach for transit Route System Planning and Design,},
  journal = {Journal of Advanced Transportation},
  year = {1991},
  volume = {25(2)},
  pages = {187-210}
}

@ARTICLE{mill.mahm00,
  author = {Miller-Hooks, Elise D. and Mahmassani, Hani S.},
  title = {Least Expected Time Paths in Stochastic, Time-Varying Transportation
	Networks.},
  journal = {Transportation Science},
  year = {2000},
  volume = {34},
  pages = {198-216},
  number = {2},
  month = {May},
  issn = {0041-1655}
}

@ARTICLE{newe71,
  author = {Newell, G. F.},
  title = {Dispatching policies for transportation routes},
  journal = TRSC,
  year = {1971},
  volume = {5},
  pages = {91--105},
  number = {1}
}

@ARTICLE{osun.newe72,
  author = {Osuna, E. E. and Newell, G. F.},
  title = {Control Strategies for an Idealized Public Transportation System},
  journal = TRSC,
  year = {1972},
  volume = {6},
  pages = {52--72},
  number = {1}
}

@ARTICLE{palm.lind01,
  author = {Palma, Andr{\'e} de and Lindsey, Robin},
  title = {Optimal timetables for public transportation},
  journal = TRB,
  year = {2001},
  volume = {35},
  pages = {789--813}
}

@MANUAL{tcrp98,
  title = {Transit Scheduling: Basic and Advanced Manuals},
  author = {Randall Pine and James Niemeyer and Russell Chisholm},
  organization = {Transportation Research Board},
  address = {2101 Constitution Avenue, N. W.},
  year = {1998}
}

@ARTICLE{rosl89,
  author = {Rosling, Kaj},
  title = {Optimal inventory policies for assembly systems under random demands},
  journal = OPRE,
  year = {1989},
  volume = {37},
  pages = {565--579},
  number = {4},
  coden = {OPREAI},
  fjournal = {#OPRE#},
  issn = {0030-364X},
  mrclass = {90B05 (90B30)},
  mrnumber = {90h:90057},
  mrreviewer = {Roelof Kuik}
}

@ARTICLE{saha70,
  author = {J. L. Saha },
  title = {An algorithm for bus scheduling problems},
  journal = OPRE,
  year = {1970},
  volume = {21},
  pages = {463-474}
}

@ARTICLE{salz69,
  author = {Salzborn, Franz J. M. },
  title = {Timetables for a Suburban Rail Transit System.},
  journal = TRSC,
  year = {1972},
  volume = {3},
  pages = {297-317},
  number = {4},
  month = {11}
}

@ARTICLE{salz72,
  author = {Salzborn, Franz J. M. },
  title = {Optimum Bus Scheduling },
  journal = TRSC,
  year = {1972},
  volume = {6},
  pages = {137-147},
  month = {2}
}

@ARTICLE{sesh.nara.ea69,
  author = {Seshagiri, N. and Narasimhan, R. and Mehndiratta, S.L. and Chanda,
	B.K.},
  title = {Computer generated time-tables and bus schedules for a large bus
	transport network},
  journal = TRSC,
  year = {1969},
  volume = {3},
  pages = {69--86},
  number = {1}
}

@ARTICLE{shin.mahm.ea98,
  author = {Shin, M. C. and Mahmassani, H. S. and Baaj, M. H.},
  title = {Planning and design model for transit route networks with coordinated
	operations},
  journal = {Transportation Research Record},
  year = {1998},
  volume = {1623},
  pages = {16--23}
}

@ARTICLE{silm74,
  author = {L. A. Silman and Z. Barzily and U. Passy},
  title = {Planning the route system for urban buses},
  journal = {Computers \& Operations Research},
  year = {1974},
  volume = {1},
  pages = {161--343},
  number = {2}
}

@MISC{mont05,
  author = {{Sistema de Transporte Colectivo Metrorrey}},
  title = {Sistema de Transporte Colectivo Metrorrey: An{\'a}lisis Sistemas
	BRT y Metro Ligero. TransMilenio o Metro: el caso Monterrey.},
  howpublished = {\url{http://laptp.org/arxiu/analisi.ppt}},
  year = {2005},
  owner = {Juan Camilo Acero},
  timestamp = {2005.12.23},
  url = {http://laptp.org/arxiu/analisi.ppt}
}

@MASTERSTHESIS{suar05,
  author = {Juan Pablo Su\'{a}rez},
  title = {Aproximacion al Problema de Ruta M\'{a}s Corta con Transbordos},
  school = {Universidad de los Andes},
  year = {2005}
}

@MISC{tra05,
  author = {{Transmilenio S.A.}},
  title = {\url{http://www.transmilenio.gov.co}},
  year = {2005}
}

@MISC{tran00,
  author = {{Transmilenio S.A.}},
  title = {Transmilenio un sistema de vida },
  month = {December},
  year = {2000}
}

@MISC{tran02,
  author = {{Transmilenio S.A.}.},
  title = {Nacimiento y desarrollo de Transmilenio},
  howpublished = {Art{\'i}culo en, Transmilenio: un sistema de vida.},
  year = {2002}
}

@BOOK{wren81,
  title = {Computer scheduling of public transport 2: Urban passenger vehicle
	and crewscheduling},
  publisher = {North Holland, Amsterdam},
  year = {1981},
  author = {A. Wren}
}

@MANUAL{JICA96,
  title = {The study on the master plan for urban transport of Santa fe de Bogot{\'a}
	in the republic of Colombia, Final Report.},
  organization = {Chodai co. ltd. In Asociation with Yachiyo Engineering co. ltd.},
  month = {December},
  year = {1996},
  owner = {Juan Camilo Acero},
  timestamp = {2005.12.18}
}

@comment{jabref-meta: selector_author:mass.whit93;}

