% Talbot_PDE.bib


@book{GHIZZETTI:OSSICINI,
	Author = {{A. Ghizzetti} and {A. Ossicini}},
	Publisher = {{UTET}},
	Title = {{Trasformate di Laplace e Calcolo Simbolico}},
	Year = {1943,1972}}


@book{ODE:solver:2003,
	Author = {{L.F. Shampine} and {I. Gladwell} and {S. Thompson}},
	Publisher = {{Cambridge University Press}},
	Title = {{Solving ODEs with MATLAB}},
	Year = {2003}}


@book{HENRICI:1988,
	Author = {P. Henrici},
	Publisher = {{John Wiley \& Sons, New York}},
	Title = {{Applied and Computational Complex Analysis (vol. 1)}},
	Year = {1988}}


@book{DUFFY:2004,
	Author = {D. G. Duffy},
	Publisher = {{Chapman \& Hall/CRC}},
	Title = {{Transform Methods for solving partial differential equations}},
	Year = {2004}}


@book{SCHIFF:1999,
	Author = "{J. L. Schiff}",
	Publisher = {{Springer}},
	Title = {{The Laplace Transform: Theory and Applications}},
	Year = {1999}}


@book{COHEN:2007,
	Address = {New York},
	Author = {A. M. Cohen},
	Publisher = {Springer-Verlag},
	Title = {{Numerical Methods for Laplace Transform Inversion}},
	Year = {2007}}


@book{SHAMPINE:1975,
Author = {{L. Shampine} and {M. Gordon}},
Publisher = {{Freeman}},
Title = "{{Computer Solution of Ordinary Differential Equations: The Initial Value Problem}}",
Year = {1975}}
% ISBN: 0716704617, LC: QA372.S416


@misc{ODEf,
	Author = {{L. Shampine} and {M. Gordon}},
	Title = {{Ordinary differential equation initial-value problem solver (alg.: Adam's methods)
            double precision FORTRAN}},
	Howpublished = {\url{http://www.netlib.org/ode/}}
}


@misc{PMIRKDCf,
	Author = {{P.H. Muir} and {R.N. Pancer} and {K.R. Jackson}},
	Title = {{The PMIRKDC package}},
	Howpublished = {\url{http://www.cs.toronto.edu/~pancer/PMIRKDC_package/index.html}}
}


@misc{BURKARDT:2012,
  Author = {{J. Burkardt}},
  Title = {{C-version of ODE initial-value problem solver}},
  Year = "2012",
  Howpublished = {\url{http://people.sc.fsu.edu/~jburkardt/c_src/c_src.html}}
}


@Misc{PETSc:Web:Page,
  Author = {{S. Balay} and {S. Abhyankar} and {M. F. Adams} and {J. Brown} and {P. Brune}
            and {K. Buschelman} and {L. Dalcin} and {V. Eijkhout} and {W. D. Gropp}
            and {D. Kaushik} and {M. G. Knepley} and {L. Curfman McInnes} and {K. Rupp}
            and {B. F. Smith} and {S. Zampini} and {H. Zhang}},
  Title =  {{PETS}c {W}eb page},
  url =    {https://www.mcs.anl.gov/petsc},
  Howpublished = {\url{https://www.mcs.anl.gov/petsc}},
  Year = {2016}
}


@TechReport{PETSc:UserManual,
  Author = {{S. Balay} and {S. Abhyankar} and {M. F. Adams} and {J. Brown} and {P. Brune}
            and {K. Buschelman} and {L. Dalcin} and {V. Eijkhout} and {W. D. Gropp}
            and {D. Kaushik} and {M. G. Knepley} and {L. Curfman McInnes} and {K. Rupp}
            and {B. F. Smith} and {S. Zampini} and {H. Zhang}},
  Title  = {{PETSc Users Manual}},
  Institution = {Argonne National Laboratory},
  Year   = 2016,
  Number = {ANL-95/11 - Revision 3.6.5},
  url    = {https://www.mcs.anl.gov/petsc}
}


@Manual{MATLAB:Sym:Toolbox,
    title = {{MATLAB R2015a Symbolic Math Toolbox}},
    author = {{ The MathWorks}},
    organization = {{The MathWorks, Inc.}},
    address = {Natick, Massachusetts, United States},
    year = {2015},
    url = {http://it.mathworks.com/help/symbolic/index.html},
  }


@misc{MATLAB,
	Author = {{MathWorks}},
	Howpublished = {\url{http://www.mathworks.com/}},
	Title = {{MATLAB}}
}


@misc{MAPLE,
	Author = {{Maplesoft}},
	Howpublished = {\url{http://www.maplesoft.com/products/maple/index1a.aspx}},
	Title = {{Maple}}
}


@misc{MATHEMATICA,
	Author = {{WOLFRAM}},
	Howpublished = {\url{https://www.wolfram.com/mathematica/}},
	Title = {{MATHEMATICA}}
}


@misc{GNU:gcc,
	Author = {{Free Software Foundation Inc}},
	Howpublished = {\url{http://gcc.gnu.org/}},
	Title = {{GCC, the GNU Compiler Collection}}
}


@misc{MinGW,
	Author = {{MinGW.org}},
	Howpublished = {\url{http://www.mingw.org/}},
	Title = {{MinGW: Minimalist GNU for Windows}}
}


@misc{MinGW-w64,
	Author = {{Sourceforge}},
	Howpublished = {\url{http://sourceforge.net/projects/mingw-w64/}},
	Title = {{MinGW for Windows}}
}


@misc{GNUMEX,
	Author = {{Sourceforge}},
	Howpublished = {\url{http://gnumex.sourceforge.net/}},
	Title = {{gnumex}}
}


@misc{OCTAVE,
	Author = {{GNU} org},
	Howpublished = {\url{http://www.gnu.org/software/octave/}},
	Title = {{GNU Octave}}
}


@misc{OMP:URL,
	Author = {{OpenMP Architecture Review Board}},
	Title = {{The OpenMP API specification for parallel programming}},
	Howpublished = {\url{http://openmp.org/wp/openmp-specifications/}}
}


%Mathematics and Computer Science Division, Argonne National Laboratory
@misc{MPI:URL,
  Author = {{MCS Div., Argonne National Laboratory}},
  Title = {{The Message Passing Interface (MPI) standard}},
  Howpublished = {\url{http://www.mcs.anl.gov/research/projects/mpi/}}
    }

@misc{TWPBVP.f,
	Author = {{J. R. Cash} and {M. H. Wright}},
	Howpublished = {\url{http://www.netlib.org/ode/}},
	Title = {{twpbvp.f}}
}


@misc{TWPBVPC.f,
	Author = {{J. R. Cash} and {F. Mazzia}},
	Howpublished = {\url{http://wwwf.imperial.ac.uk/~jcash/BVP_software/readme.php#downloads}},
	Title = {{twpbvpc.f}}
}


@misc{SuperLU,
	Author = {{X. S. Li} and {J. Demmel} and {J. Gilbert} and {L. Grigori} and {P. Sao}
            and {M. Shao} and {I. Yamazaki}},
	Howpublished = {\url{http://crd-legacy.lbl.gov/~xiaoye/SuperLU/}},
	Title = {{SuperLU}}
}


@article{li05,                                                                  
    AUTHOR = {X. S. Li},                                                    
    TITLE = {An Overview of {SuperLU}: Algorithms, Implementation,              
             and User Interface},                                               
    journal = {ACM Trans. Math. Softw.}, 
    volume = {31},                                                              
    number = {3},                                                               
    month = {September},                                                        
    year = {2005},                                                              
    pages = {302-325},                                                          
}


@article{DBLP:Terekhov13,
  author    = {{A. V. Terekhov}},
  title     = {A fast parallel algorithm for solving block-tridiagonal systems of
               linear equations including the domain decomposition method},
  journal   = {Parallel Computing},
  volume    = {39},
  number    = {6-7},
  pages     = {245--258},
  year      = {2013},
  url       = {http://dx.doi.org/10.1016/j.parco.2013.03.003},
  doi       = {10.1016/j.parco.2013.03.003},
  timestamp = {Thu, 06 Jun 2013 15:40:59 +0200},
  biburl    = {http://dblp.uni-trier.de/rec/bib/journals/pc/Terekhov13},
  bibsource = {dblp computer science bibliography, http://dblp.org}
}


@article{JCASH:2005,
	Author = {{J. R. Cash} and {F. Mazzia}},
	Title = {{A new mesh selection algorithm, based on conditioning, for two-point boundary value codes}},
	Journal = {J. Comput. Appl. Math.},
	Volume = {184},
  Number = {2},
	Pages = {362--381},
	Year = {2005}}


@article{JCASH:2004,
	Author = {{J. R. Cash}},
	Title = {{A survey of some global methods for solving two-point BVPs}},
	Journal = {Appl. Numer. Anal. Comput. Math.},
	Volume = {1},
  Number = {1-2},
	Pages = {7--17},
	Year = {2004}}


@article{TWPBVP:1990,
	Author = {{J. R. Cash} and {M. H. Wright}},
	Title = {{Implementation issues in solving nonlinear equations for two-point
            boundary value problems}},
	Journal = {Computing},
	Volume = {45},
	Pages = {17--37},
	Year = {1990}}


@article{TWPBVP:1991,
	Author = {{J. R. Cash} and {M. H. Wright}},
	Title = {{A deferred correction method for nonlinear two-point boundary value problems:
            Implementation and numerical evaluation}},
	Journal = {SIAM J. Sci. Stat. Comput.},
	Volume = {12},
	Pages = {971--989},
	Year = {1991}}


@article{ALG:927:2013,
	Author = {{J. R. Cash} and {D. Hollevoet} and {F. Mazzia} and {M. Nagy}},
	Title = {{Algorithm 927: The MATLAB code \texttt{bvptwp.m} for the Numerical Solution of
            Two Point Boundary Value Problems}},
	Journal = {ACM Trans. Math. Softw.},
	Volume = {39},
  Number  = {2},
	Pages = {15:1--15:12},
	Year = {2013}}


@article{Talbot:1979,
	Author = {A. Talbot},
	Title = {{The Accurate Numerical Inversion of Laplace Transforms}},
	Journal = {J. Inst. Math. Appl.},
	Volume = {23},
	Pages = {97--120},
	Year = {1979}}


@article{Talbot:1990,
	Author = {{A. Murli} and {M. Rizzardi}},
	Title = {{Talbot's method for the Laplace Inversion Problem}},
	Journal = {ACM Trans. Math. Soft.},
	Volume = {16},
	Number = {2},
	Pages = {158--168},
	Year = {1990}}


@article{PAR:Talbot:1995,
	Author = {{M.A. de Rosa} and {G. Giunta} and {M. Rizzardi}},
	Title = {{Parallel Talbot's algorithm for distributed memory machines}},
	Journal = {Parallel Comp.},
	Number = {5},
	Pages = {783--801},
	Volume = {21},
	Year = {1995}}


@article{Talbot:1995,
	Author = {{M. Rizzardi}},
	Title = {{A Modification of Talbot's Method for the Simultaneous Approximation
	          of Several Values of the Inverse Laplace Transform}},
	Journal = {ACM Trans. Math. Soft.},
	Number = {4},
	Pages = {347--371},
	Volume = {21},
	Year = {1995}}


@article{TALBOT_SUITE:2014,
	Author  = {{L. Antonelli} and {S. Corsaro} and {Z. Marino} and {M. Rizzardi}},
	Title   = {{Algorithm 944: Talbot Suite: Parallel Implementations of Talbot's Method
              for the Numerical Inversion of Laplace Transforms}},
	Journal = {{{ACM} Transactions on Mathematical Software}},
	volume = {40},
  number = {4},
  month  = jun,
  pages  = "29:1--29:18",
  url    =  "http://doi.acm.org/10.1145/2616909",
  year    = {2014} }


@article{Talbot:2016,
	Author = {{M. Rizzardi}},
	Title = {{Application of modified Talbot's method to solve differential problems}},
	Journal = {ACM Trans. Math. Soft.},
	Number = {x},
	Pages = {yyy--yyy},
	Volume = {zz},
	Year = {201w}}



@TechReport{LAP_DB:2012,
author = "M. Rizzardi",
title = {{The database utility of Laplace Transform test functions}},
institution = "Dept. of Applied Sciences - Parthenope University, Naples",
month =  "10,",
year = "2008"}
% DSA Technical Report n. 2 - 2012


%%%%%%%%%%%%%%%%%%%%%%%%%%%%%%%%%%%%%%%%%%%%%%%%%%%%%%%%%%%%%%%%%%%%%%%%%%%%%%%%%%%%%%%%%%%%%%%%%%%%%%%%%

@article{NOVOKSHENOV:2010,
author = "{V. Yu. Novokshenov}",
title = "{Poles of Tritronqu\'ee Solution to the Painlev\'e I Equation and
Cubic Anharmonic Oscillator}",
journal = "Regular and Chaotic Dynamics",
volume =  "15",
number = "2-3",
year = "2010",
pages = "392-405"}


@techreport{TR:TW_MAP,
author = {M. Rizzardi},
title = {{The Tricomi-Weeks Mapping and Laplace Transforms with branch points or with infinite singularities along the imaginary axis}},
institution = {{DSA - Dept. of Applied Sciences, Universit\`a degli Studi di Napoli {\it Parthenope}}},
number = {n. 09.1 - 2012},
year = "2012"}
%	Date-Added = {2012-06-28 13:55:59 +0000},
%	Date-Modified = {2012-06-28 13:59:51 +0000},


@misc{FFTW:LIBRARY,
	Author = {{M. Frigo} and {S.G. Johnson}},
	Howpublished = {\url{http://www.fftw.org/}},
	Title = {{FFTW, a C subroutine library for computing the discrete Fourier transform (DFT)}}}


@BOOK{LAPACK_book,
      AUTHOR = {{Anderson, E.} and Bai, Z. and Bischof, C. and Blackford, S. and Demmel, J. and Dongarra, J. and Du Croz, J. and Greenbaum, A. and Hammarling, S. and McKenney, A. and Sorensen, D.},
      TITLE = {{LAPACK} Users' Guide},
      EDITION = {Third},
      PUBLISHER = {Society for Industrial and Applied Mathematics},
      YEAR = {1999},
      ADDRESS = {Philadelphia, PA},
      ISBN = {0-89871-447-8 (paperback)} }


@misc{NETLIB:ODE,
	Author = {{netlib.org}},
  Howpublished = {\url{http://www.netlib.org/ode}},
	Title = {{Netlib Repository: ode}}}


@misc{LAPACK,
	Author = {{netlib.org}},
	Howpublished = {\url{http://www.netlib.org/lapack/}},
	Title = {{LAPACK}}}


@misc{GSL,
	Author = {{gnu.org}},
	Howpublished = {\url{http://www.gnu.org/software/gsl/}},
	Title = {{GNU Scientific Library}}}


@article{BREAKPOINTS,
	Author = {{Kuchenhoff, H.}},
	Journal = {Computational Statistics},
	Title = {{An Exact Algorithm for Estimating Breakpoints in Segmented Generalized Linear Models}},
	Volume = {12},
	Number = {2},
	Year = "1997"}


@article{WEEKS:1966,
author = "T. Weeks",
title = "Numerical inversion of Laplace Transform using Laguerre functions",
journal = "J. ACM",
volume =  "13",
year = "1966"}


@article{DEHOOG:1982,
	Author = {de Hoog, F. R. and Knight, J. H. and Stokes, A. N.},
	Title = {{An improved  method for numerical inversion of Laplace transforms}},
	Journal = {SIAM J. Sci. and Stat. Comp.},
	Volume = {3},
	Pages = {357--366},
	Year = {1982}}



%%%%%%%%%%%%%%%%%%%%%%%%%%%%%%%%%%%%%%%%%%%%%%%%%%%%%%%%%%%%%%%%%%%%%%%%%%%%%%%%%%%%%%

@article{ABSCISSA_SUITE,
author = "M. {Rizzardi}",
title = "Abscissa Suite: Software for locating the abscissa of convergence of a Laplace Transform function",
journal = "submitted to ACM Trans. Math. Soft.",
year = "2010"}
%volume =  "xx",
%number = "x",
%year = "2010",
%pages = "xx"}


@article{GIUNTA_LYNESS:1988,
author = {{Garbow B. S.} and {Giunta G.} and {Lyness J. N.} and {Murli A.}},
title = {{Software from an implementation of Weeks' method for the Inverse Laplace Transform Problem}},
journal = {ACM Trans. Math. Softw.},
volume =  {14},
number = {2},
year = {1988}}


@article{LOCATING:2010,
author = "M. {Rizzardi}",
title = "Locating the abscissa of convergence of a Laplace Transform function",
journal = "submitted to ACM Trans. Math. Soft.",
year = "2010"}
%volume =  "xx",
%number = "x",
%year = "2010",
%pages = "xx"}


@article{EXTENSION_HENRICI:2000,
author = "L. {d'Amore} and A. Murli and M. Rizzardi",
title = "An extension of the Henrici Formula for Laplace Transforms Inversion",
journal = "Inverse Problem",
volume =  "16",
number = "5",
year = "2000",
pages = "1441--1456"}


@article{MORE:1988,
author = "G. {Giunta} and G. Laccetti and M. Rizzardi",
title = "More on the Weeks method for the numerical inversion of the Laplace Transform",
journal = "Numerische Mathematik",
volume =  "54",
number = "2",
year = "1988",
pages = "193--200"}

@article{ABSCISSA:1990,
author = "G. {Giunta} and G. Laccetti and M. Rizzardi",
title = "A numerical method for locating the abscissa of convergence of a Laplace Transform function with no singularity at infinity",
journal = "Int. J. Comp. Math.",
volume =  "37",
number = "1",
year = "1990",
pages = "89--103"}


@TechReport{HENRICI_IMPLEM:2008,
author = "M. Rizzardi",
title = "Implementing Henrici's Formula for Laplace Transforms inversion",
institution = "Dept. of Applied Sciences - Parthenope University, Naples",
month =  "10",
year = "2008"}


@article{TRICOMI:1935,
author = "F. Tricomi",
title = "Trasformazione di Laplace e polinomi di Laguerre: inversione della trasformazione",
journal = "Rend. Acc. Naz. Lincei",
volume =  "2",
year = "1935"}

@article{WEIDERMAN:1999,
author = "J.A.C. Weiderman",
title = "Algorithms for Parameter Selection in the Weeks Method for Inverting the Laplace Transform",
journal = "SIAM J. Sci. Comp.",
volume =  "21",
year = "1999"}
