@TechReport{dsdp5,
  author =       "Steven J. Benson and Yinyu Ye",
  title =        "{DSDP5}: Software For Semidefinite Programming",
  year =         "2005",
  month =        sep,
  institution =  "Mathematics and Computer Science Division, Argonne
                 National Laboratory",
  address =      "Argonne, IL",
  number =       "ANL/MCS-P1289-0905",
  url =          "http://www.mcs.anl.gov/~benson/dsdp",
  note = "Submitted to ACM Transactions on Mathematical Software",
}


@unpublished{dsdp-user-guide,
   Author ="Steven J. Benson and  Yinyu Ye",
   Title  ="{DSDP5} User Guide --- Software for Semidefinite Programming",
   institution =  "Mathematics and Computer Science Division, Argonne National Laboratory",
   address =      "Argonne, IL",
   number  =       "ANL/MCS-TM-277",
   month   = "July",
   year    = 2004,
   note    = "\url{http://www.mcs.anl.gov/~benson/dsdp}",
}

@Article{dsdp1,
  author =       "Steven J. Benson and Yinyu Ye and Xiong Zhang",
  title =        "Solving Large-Scale Sparse Semidefinite Programs for
                 Combinatorial Optimization",
  year =         "2000",
  journal =      "SIAM Journal on Optimization",
  volume =       "10",
  number =        2,
  pages =        "443--461",
}


