@Article{waterman:1965,
	author = {P. C. Waterman},
	title = {Matrix formulation of electromagnetic scattering},
	journal = {Proc. IEEE},
	year = {1965},
	volume = {53},
	pages = {805--812},
}


% Paper id 51
@Article{waterman:new,
	author = {P. C. Waterman},
	title = {New formulation of acoustic scattering},
	journal = {J. Acoust. Soc. Am.},
	year = {1969},
	volume = {45},
	pages = {1417--1429},
}

% Paper id 48
@Article{petrov:optimized,
	author = {D. Petrov and Y. Shkuratov},
	title = {Optimized matrix inversion technique for the {T-matrix} method},
	journal = {Opt. Lett.},
	year = {2007},
	volume = {32},
	pages = {1168--1170},
}

% Paper id 45
@Article{waterman:the,
	author = {P. C. Waterman},
	title = {The {T-matrix} revisited},
	journal = {J. Opt. Soc. Am. A},
	year = {2007},
	volume = {24},
	pages = {2257--2267},
}

% Paper id 46
@Article{waterman:t-matrix,
	author = {P. C. Waterman},
	title = {{T-matrix} methods in acoustic scattering},
	journal = {J. Acoust. Soc. Am.},
	year = {2009},
	volume = {125},
	pages = {42--51},
}

% Paper id 47
@Article{sarkissian:t-matrix,
	author = {A. Sarkissian and C. F. Gaumond and L. R. Dragonette},
	title = {{T-matrix} implementation of forward scattering from rigid structures},
	journal = {J. Acoust. Soc. Am.},
	year = {1993},
	volume = {94},
	pages = {3448--3453},
}

% Paper id 43
@Article{somerville:severe,
	author = {W. R. C. Somerville and B. Augui\'e and E. C. Le Ru},
	title = {Severe loss of precision in calculations of {T-matrix} integrals},
	journal = {J Quant Spectrosc Radiat Transfer},
	year = {2012},
	volume = {113},
	pages = {524--535},
}

% Paper id 50
@Article{martin:on,
	author = {P. A. Martin},
	title = {On connections between boundary integral equations and {T-matrix} methods},
	journal = {Eng. Anal. Bound. Elem.},
	year = {2003},
	volume = {27},
	pages = {771--777},
}

% Paper id 52
@Article{waterman:surface,
	author = {P. C. Waterman},
	title = {Surface fields and the T matrix},
	journal = {J. Opt. Soc. Am. A},
	year = {1999},
	volume = {16},
	pages = {2968--2977},
}

% Paper id 49
@Article{havemann:calculation,
	author = {S. Havemann and A. J. Baran},
	title = {Calculation of the phase matrix elements of elongated hexagonal ice columns using the {T-matrix} method},
	journal = {J Quant Spectrosc Radiat Transfer},
	year = {2004},
	volume = {89},
	pages = {87--96},
}

% Paper id 37
@Article{farafonov:near,
	author = {V. G. Farafonov and V. B. Il'in and A. A. Vinokurov},
	title = {Near- and far-field light scattering by nonspherical particles: applicability of methods that involve a spherical basis},
	journal = {Opt Spectrosc},
	year = {2010},
	volume = {3},
	pages = {432--443},
}

% Paper id 39
@Article{hellmers:improving,
	author = {J. Hellmers and V. Schmidt and T. Wriedt},
	title = {{I}mproving the numerical stability of {T-matrix} light scattering calculations for extreme particle shapes using the nullfield method with discrete sources},
	journal = {J Quant Spectrosc Radiat Transfer},
	year = {2011},
	volume = {112},
	pages = {1679--1686},
}

% Paper id 40
@Article{khlebtsov:anisotropic,
	author = {N. Khlebtsov},
	title = {Anisotropic properties of plasmonic nanoparticles: depolarized light scattering, dichroism, and birefringence},
	journal = {J Nanophotonics},
	year = {2010},
	volume = {4},
	pages = {041587--041587},
}

% Paper id 41
@Article{rother:case,
	author = {T. Rother and J. Wauer},
	title = {Case study about the accuracy behaviour of three different {T-matrix} methods},
	journal = {Appl. Opt},
	year = {2010},
	volume = {49},
	pages = {5746--5756},
}

@Book{colton:inverse,
  author = 	 {D. Colton and R. Kress},
  title = 	 {Inverse Acoustic and Electromagnetic Scattering Theory},
  publisher = 	 {Springer},
  year = 	 {2012},
}

@Article{kirsch:coupled,
  author = 	 {A. Kirsch and P. Monk},
  title = 	 {An analysis of the coupling of finite-element and {N}ystr\"om methods in acoustic scattering},
  journal = 	 {IMA J. Numer. Anal},
  year = 	 {1994},
  OPTkey = 	 {},
  volume = 	 {14},
  OPTnumber = 	 {},
  pages = 	 {523--544},
  OPTmonth = 	 {},
  OPTnote = 	 {},
  OPTannote = 	 {},
  note = {\doi{10.1093/imanum/14.4.523}}
}

@Article{barnett:mps,
  author = 	 {A. H. Barnett and T. Betcke},
  title = 	 {An exponentially convergent nonpolynomial finite element method for time-harmonic scattering from polygons},
  journal = 	 {SIAM J. Sci. Comp.},
  year = 	 {2010},
  OPTkey = 	 {},
  volume = 	 {32},
  OPTnumber = 	 {},
  pages = 	 {1417--1441},
  OPTmonth = 	 {},
  OPTnote = 	 {},
  OPTannote = 	 {}
}


@Manual{tmatrom-manual,
  title = 	 {{TMATROM}: object-oriented {T-matrix} reduced order model software for efficient simulation of multi-parameter acoustic scattering},
  OPTkey = 	 {},
  author = 	 {M. Ganesh and S. C. Hawkins},
  OPTorganization = {},
  OPTaddress = 	 {},
  OPTedition = 	 {},
  OPTmonth = 	 {},
  year = 	 {2016},
  note={\\ \url{http://www.mines.edu/~mganesh/tmatrom_manual_curr.pdf}},
  OPTnote = 	 {},
  OPTannote = 	 {}
}

@Article{ghh:tmatrix,
  author = 	 {M. Ganesh and S. C. Hawkins and R. Hiptmair},
  OPTauthor = 	 {M. Ganesh and others},
  title = 	 {Convergence analysis with parameter estimates 
for a  reduced basis acoustic scattering {T-matrix} method},
  journal = 	 {IMA J. Numer. Anal.},
  year = 	 {2012},
  OPTkey = 	 {},
  volume = 	 {32},
  OPTnumber = 	 {},
  pages = 	 {1348--1374},
  OPTmonth = 	 {},
  OPTannote = 	 {}
}


@Article{gh:tmat2d,
  author = {M. Ganesh and S. C. Hawkins},
  title = {A far-field based {T}-matrix method for two dimensional obstacle
  scattering},
  journal = {ANZIAM J.},
  year = {2009},
  volume = {51},
  pages = {C201--C216}
}

@Article{gh:ctac-tmatrix,
  author = {M. Ganesh and S. C. Hawkins},
  title = {A far-field based {T}-matrix method for three dimensional acoustic
  scattering},
  journal = {ANZIAM J.},
  year = {2008},
  volume = {50},
  pages = {C121--C136}
}

@Article{gh:jcam,
  author = 	 {M. Ganesh and S. C. Hawkins},
  title = 	 {Three dimensional electromagnetic scattering {T}-matrix computations},
  journal = 	 {J. Comput. Appl. Math.},
  year = 	 {2010},
  volume =       {234},
  pages = {1702--1709},
  OPTnote={\doi{http://dx.doi.org/10.1016/j.cam.2009.08.018}}
}

@Article{gh:jqsrt,
  author = 	 {M. Ganesh and S. C. Hawkins},
  title = 	 {A stochastic pseudospectral and {T}-matrix algorithm for
acoustic scattering by a class of multiple particle configurations},
  journal = 	 {J. Quant. Spectrosc. Radiat. Transfer},
  year = 	 {2013},
  OPTkey = 	 {},
  volume = 	 {123},
  OPTnumber = 	 {},
  pages = 	 {41--52},
  OPTmonth = 	 {},
  OPTannote = 	 {}
}


@Article{betcke:anal,
  author = {A. H. Barnett and T. Betcke},
  title = {Stability and convergence of the method of fundamental solutions for
  {Helmholtz} problems on analytic domains},
  journal = {J. Comp. Phys.},
  year = {2008},
  volume = {227},
  pages = {7003--7026}
}

@Misc{mpspack,
  OPTkey = 	 {},
  author = 	 {A. H. Barnett and others},
  OPTtitle = 	 {},
  OPThowpublished = {},
  OPTmonth = 	 {},
  year = 	 {2014},
  note = 	 {\url{https://code.google.com/p/mpspack/}},
  OPTannote = 	 {}
}

@Article{database2014,
  author = 	 {M. I. Mishchenko and others},
  title = 	 {Comprehensive thematic {T}-matrix reference database: A 2013--2014 update},
	journal = {J Quant Spectrosc Radiat Transfer},
  year = 	 {2014},
  OPTkey = 	 {},
  volume = 	 {146},
  OPTnumber = 	 {},
  pages = 	 {249--354},
  OPTmonth = 	 {},
  OPTnote = 	 {},
  OPTannote = 	 {}
}


% Paper id 55
@Article{mishchenko:t-matrix,
	author = {M. I. Mishchenko and L. D. Travis and D. W. Mackowski},
	title = {{T-matrix} computations of light scattering by nonspherical particles: a review},
	journal = {J Quant Spectrosc Radiat Transfer},
	year = {1996},
	volume = {55},
	pages = {535--575},
}

% Paper id 56
@Article{mishchenko:t-matrix94,
	author = {M. I. Mishchenko and L. D. Travis},
	title = {{T-matrix} computations of light scattering by large spheroidal particles},
	journal = {Opt. Comm.},
	year = {1994},
	volume = {109},
	pages = {16--21},
}

% Paper id 57
@Article{somerville:numerically-stable,
	author = {W. R. C. Somerville and B. Augui\'e and E. C. Le Ru},
	title = {A new numerically stable implementation of the {T-matrix} method for electromagnetic scattering by spheroidal particles},
	journal = {J Quant Spectrosc Radiat Transfer},
	year = {2013},
	volume = {123},
	pages = {153--168},
}

@Article{wiscombe:mie,
  author = 	 {W. J. Wiscombe},
  title = 	 {Improved {Mie} Scattering Algorithms},
  journal = 	 {Applied Optics},
  year = 	 {1980},
volume={19},
pages={1505--1509},
OPTissue={9},
OPTnote={\url{http://www.opticsinfobase.org/abstract.cfm?URI=ao-19-9-1505}}
}
@Article{gh:Mie,
  author = {M. Ganesh and S. C. Hawkins},
  title = {Improved high-order algorithms for {M}ie scattering},
  journal = {WSEAS Trans. Math.},
  year = {2006},
  volume = {5},
  pages = {663--670}
}

@Article{ganesh:high-order,
  author = {M. Ganesh and I. G. Graham},
  title = {A high-order algorithm for obstacle scattering in three dimensions},
  journal = {J. Comput. Phys.},
  year = {2004},
  volume = {198},
  pages = {211-242}
}

@Article{gh:hybrid-tang,
  author =       {M. Ganesh and S. C. Hawkins},
  title =        {A high-order tangential basis algorithm for electromagnetic scattering
by curved surfaces},
  journal =      {J. Comp. Phys.},
  year =         {2008},
  volume =       {227},
  pages = {4543--4562}
}


% Paper id 67
@Article{bi:efficient,
	author = {L. Bi and P. Yang and G. W. Kattawar and M. I. Mishchenko},
	title = {Efficient implementation of the invariant imbedding {T-matrix} method and the separation of variables method applied to large nonspherical imhomogeneous particles},
	journal = {J Quant Spectrosc Radiat Transfer},
	year = {2013},
	volume = {116},
	pages = {169--183},
}


@phdthesis{wienert:thesis,
	author=	{L. Wienert},
	title={Die Numerische Approximation von Randintegraloperatoren f\"ur die
	Helmholtzgleichung im $\bbR^3$.},
	school={University of G\"ottingen},
	year={1990}
}

@Article{bruno:fast,
  author = 	 {O. P. Bruno and L. A. Kunyansky},
  title = 	 {A Fast, high-Order Algorithm for the Solution of Surface Scattering Problems: Basic Implementation,
	Tests, and Applications},
  journal = 	 {J. Comput. Phys.},
  year = 	 {2001},
 volume =       {169},
  pages =        {80-110},
}

% Paper id 68
@Article{leinonen:pytmatrix,
	author = {J. Leinonen},
	title = {High-level interface to {T-matrix} scattering calculations: architecture, capabilities and limitations},
	journal = {Opt Express},
	year = {2014},
	volume = {22},
	pages = {1655--1660},
}


@Misc{mstm,
  OPTkey = 	 {},
  author = 	 {D. W. Mackowski},
  OPTtitle = 	 {},
  OPThowpublished = {},
  OPTmonth = 	 {},
  year = 	 {2013},
  note = 	 {\url{http://eng.auburn.edu/users/dmckwski/scatcodes/}},
  OPTannote = 	 {}
}


% Paper id 69
@Article{wriedt:dsm,
	author = {T. Wriedt},
	title = {Review of the null-field method with discrete sources},
	journal = {J Quant Spectrosc Radiat Transfer},
	year = {2007},
	volume = {106},
	pages = {535--545},
}


@Misc{nfm-ds,
  OPTkey = 	 {},
  author = 	 {T. Wriedt},
  OPTtitle = 	 {},
  OPThowpublished = {},
  OPTmonth = 	 {},
  year = 	 {2010},
  note = 	 {\url{http://www.scattport.org/index.php/programs-menu/t-matrix-codes-menu/239-nfm-ds}},
  OPTannote = 	 {}
}

% Paper id 70
@Article{nieminen:gpmm,
	author = {T. A. Nieminen and H. Rubinsztein-Dunlop and N. R. Heckenberg},
	title = {Calculation of the {T-matrix}: general considerations and application of the point-matching method},
	journal = {J Quant Spectrosc Radiat Transfer},
	year = {2003},
	volume = {79},
	pages = {1019--1029},
}

% Paper id 71
@Article{nieminen:optical,
	author = {T. A. Nieminen and V. L. Y. Loke and A. B. Stilgoe and G. Kn\"oner and A. M. Bran\'czyk and N. R. Heckenberg and H. Rubinsztein-Dunlop},
	title = {Optical tweezers computational toolbox},
	journal = {J. Opt. A},
	year = {2007},
	volume = {9},
	pages = {S196--S203},
}



@Misc{nieminen:code,
  OPTkey = 	 {},
  author = 	 {T. A. Nieminen},
  OPTtitle = 	 {},
  OPThowpublished = {},
  OPTmonth = 	 {},
  year = 	 {2014},
  note = 	 {\url{http://www.physics.uq.edu.au/people/nieminen/software.html}},
  OPTannote = 	 {}
}

@Misc{scattport,
  key = 	 {Scattport},
  OPTauthor = 	 {},
  OPTtitle = 	 {},
  OPThowpublished = {},
  OPTmonth = 	 {},
  year = 	 {2016},
  note = 	 {\url{http://www.scattport.org}},
  OPTannote = 	 {}
}

@Misc{mishchenko:code,
  key = 	 {M. I. Mishchenko},
  OPTauthor = 	 {},
  OPTtitle = 	 {},
  OPThowpublished = {},
  OPTmonth = 	 {},
  year = 	 {2016},
  note = 	 {\url{http://www.giss.nasa.gov/staff/mmishchenko/t_matrix.html}},
  OPTannote = 	 {}
}

% Paper id 72
@Article{mishchenko:manual,
	author = {M. I. Mishchenko and L. D. Travis},
	title = {Capabilities and limitations of a current Fortan implementation of the {T-matrix} method for randomly oriented, rotationally symmetric scatterers},
	journal = {J Quant Spectrosc Radiat Transfer},
	year = {2007},
	volume = {60},
	pages = {309--324},
}

% Paper id 73
@Article{mishchenko:userguide,
	author = {M. I. Mishchenko},
	title = {Calculation of the amplitude matrix for a nonspherical particle in a fixed orientation},
	journal = {Appl. Opt},
	year = {2000},
	volume = {39},
	pages = {1026--1031},
}



@Misc{smarties,
  key = 	 {Smarties},
  author = 	 {W. R. C. Somerville and B. Augui\'e and E. C. Le Ru},
  OPTtitle = 	 {},
  OPThowpublished = {},
  OPTmonth = 	 {},
  year = 	 {2016},
  note = 	 {\url{http://www.victoria.ac.nz/scps/research/research-groups/raman-lab/numerical-tools/smarties}},
  OPTannote = 	 {}
}

@Article{tao-song,
  author = 	 {L. Tao and H. Song and S. Chakrabarti},
  title = 	 {Scaled boundary {FEM} solution of short-crested wave diffraction by a vertical cylinder},
  journal = 	 {Comput. Methods Appl. Mech. Engrg.},
  year = 	 {2007},
  OPTkey = 	 {},
  volume = 	 {197},
  OPTnumber = 	 {},
  pages = 	 {232--242},
  OPTmonth = 	 {},
  OPTnote = 	 {},
  OPTannote = 	 {}
}

% Paper id 74
@Article{montiel:evolution,
	author = {F. Montiel and V. A. Squire and L. G. Bennetts},
	title = {Evolution of directional wave spectra through finite regular and randomly perturbed arrays of scatterers},
	journal = {SIAM J. Appl. Math.},
	year = {2015},
	volume = {75},
	pages = {630--651},
}

% Paper id 75
@Article{kagemoto:interactions,
	author = {H. Kagemoto and D. K. P. Yue},
	title = {{I}nteractions among multiple three-dimensional bodies in water waves: an exact algebraic method},
	journal = {J. Fluid Mech.},
	year = {1986},
	volume = {166},
	pages = {189--209},
}


% Paper id 76
@Article{mcphedran:calculation,
	author = {R. C. McPhedran and L. C. Botten and A. A. Asatryan and N. A. Nicorovici and P. A. Robinson and C. M. de Sterke},
	title = {Calculation of electromagnetic properties of regular and random arrays of metallic and dielectric cylinders},
	journal = {Phys. Rev. E},
	year = {1999},
	volume = {60},
	pages = {7614--7617},
}

@Article{little:nano,
author = 	 {D. J. Little and S. C. Hawkins and D. M. Kane},
  OPTauthor = 	 {D. J. Little and others},
  title = 	 {An exact surface-integral approach for accurate interferometric microscopy of single nanoparticles},
  journal = 	 {Optics Express},
  year = 	 {2015},
  OPTkey = 	 {},
  volume = 	 {23},
  OPTnumber = 	 {},
  pages = 	 {6228--6238},
  OPTmonth = 	 {},
  OPTnote = 	 {},
  OPTannote = 	 {}
}

% Paper id 77
@Article{vasseur:experimental,
	author = {J. O. Vasseur and P. A. Deymier and B. Chenni and B. Djafari-Rouhani and L. Dobrzynski and D. Prevost},
	title = {Experimental and theoretical evidence for the existence of absolute acoustic band gaps in two-dimensional solid photonic crystals},
	journal = {Phys. Rev. Lett.},
	year = {2001},
	volume = {86},
	pages = {3012--3015},
}

% Paper id 78
@Article{robertson:measurement,
	author = {W. M. Robertson and J. F. {Rudy III}},
	title = {Measurement of acoustic stop bands in two-dimensional periodic scattering arrays},
	journal = {J. Acoust. Soc. Am.},
	year = {1998},
	volume = {104},
	pages = {694--699},
}

@Article{mietoms,
  author = 	 {Stuart C. Hawkins},
  title = 	 {Algorithm {XXX}: {MieSolver}---an object-oriented {Mie} series software for wave scattering by cylinders},
  journal = 	 {ACM Trans. Math. Softw.},
  year = 	 {submitted},
  OPTkey = 	 {},
  OPTvolume = 	 {},
  OPTnumber = 	 {},
  OPTpages = 	 {},
  OPTmonth = 	 {},
  OPTnote = 	 {},
  OPTannote = 	 {}
}

@Book{bohren,
  author = 	 {C. F. Bohren and D. R. Huffman},
  ALTeditor = 	 {},
  title = 	 {Absorption and Scattering of Light by Small Particles},
  publisher = 	 {Wiley},
  year = 	 {1983},
  OPTkey = 	 {},
  OPTvolume = 	 {},
  OPTnumber = 	 {},
  OPTseries = 	 {},
  OPTaddress = 	 {},
  OPTedition = 	 {},
  OPTmonth = 	 {},
  OPTnote = 	 {},  
  OPTannote = 	 {}
}

@Book{rother,
  author = 	 {T. Rother and M. Kahnert},
  ALTeditor = 	 {},
  title = 	 {Electromagnetic wave scattering on nonspherical particles: basic methodology and simulations},
  publisher = 	 {Springer},
  year = 	 {2013},
  OPTkey = 	 {},
  OPTvolume = 	 {},
  OPTnumber = 	 {},
  OPTseries = 	 {},
  OPTaddress = 	 {},
  edition = 	 {2nd},
  OPTmonth = 	 {},
  OPTnote = 	 {},
  OPTannote = 	 {}
}

@Book{hulst:light,
  author = 	 {H. C. van de Hulst},
  title = 	 {Light Scattering by Small Particles},
  publisher = 	 {Dover Publications Inc.},
  year = 	 {1981}
}
