eBEN,
author = {Benjamin Graham},
title = {Sparse arrays of signatures for online character
recognition},
year = {2013},
url = {http://www2.warwick.ac.uk/fac/sci/statistics/staff/academic-research/graham/signature.pdf},
url={http://arxiv.org/abs/1308.0371}
}
@unpublished{action,
	author = {Weixin Yang and Terry Lyons and Hao Ni and Cordelia Schmid and Lianwen Jin and Jiawei Chang},
	title = {Leveraging the Path Signature for Skeleton-based Human Action Recognition},
	year = {2017},
	url={http://arxiv.org/abs/1707.03993}
}

@unpublished{LOGSIG,
author = {Jeremy Reizenstein},
title = {Calculation of Iterated-Integral Signatures and Log Signatures},
year = {2015},
url = {http://www2.warwick.ac.uk/jreizenstein/logsignatures.pdf}
}

@unpublished{TRICKS,
	author = {Jeremy Reizenstein},
	title = {Some algorithmic considerations inside iisignature},
	year = {2017},
	url = {http://www2.warwick.ac.uk/jreizenstein/iisignature_tricks.pdf}
}
@article{LR,
title={Standard Lyndon Bases of Lie Algebras and Enveloping Algebras},
author={Pierre Lalonde and Arun Ram},
     journal = {Transactions of the American Mathematical Society},
     volume = {347},
     number = {5},
     pages = {1821-1830},
     year={1995}
}
@article{BLUMLEIN200419,
	title = "Algebraic relations between harmonic sums and associated quantities",
	journal = "Computer Physics Communications",
	volume = "159",
	number = "1",
	pages = "19 - 54",
	year = "2004",
	note = "",
	issn = "0010-4655",
 	doi = "http://dx.doi.org/10.1016/j.cpc.2003.12.004",
 	url = "http://www.sciencedirect.com/science/article/pii/S0010465503005411",
	url = "https://arxiv.org/abs/hep-ph/0311046",
	author = "Johannes Blümlein"
}
@Inbook{Liwicki2012,
author="Liwicki, Marcus
and Graves, Alex
and Bunke, Horst",
editor="Ogiela, Marek R.
and Jain, Lakhmi C",
title="Neural Networks for Handwriting Recognition",
bookTitle="Computational Intelligence Paradigms in Advanced Pattern Classification",
year="2012",
publisher="Springer Berlin Heidelberg",
address="Berlin, Heidelberg",
pages="5--24",
isbn="978-3-642-24049-2",
doi="10.1007/978-3-642-24049-2_2",
url="http://dx.doi.org/10.1007/978-3-642-24049-2_2"
}

@INPROCEEDINGS{histograms,
author={Zhen-Long Bai and Qiang Huo},
booktitle={Eighth International Conference on Document Analysis and Recognition, 2005. Proceedings.},
title={A study on the use of 8-directional features for online handwritten Chinese character recognition},
year={2005},
month={Aug},
pages={262-266 Vol. 1},
}
@unpublished{HL,
author = {Ben Hambly and Terry Lyons},
title = {Uniqueness for the signature of a path of bounded variation and the reduced path group},
 arXiv = {arXiv:0507536},
year={2005},
url={http://arxiv.org/abs/math/0507536}
}
@unpublished{JD,
author = {Joscha Diehl},
title = {Rotation invariants of two dimensional curves based on iterated integrals},
year={2013},
url={http://arxiv.org/abs/1305.6883}
}
@unpublished{OxSigIntro,
author = {Ilya Chevyrev and Andrey Kormilitzin},
title = {A Primer on the Signature Method in Machine Learning},
year={2016},
url={http://arxiv.org/abs/1603.03788}
}

@misc{pendigits,
author = {E. Alpaydin and Fevzi. Alimoglu},
year = {1998},
title = {Pen-Based Recognition of Handwritten Digits Data Set},
url = {https://archive.ics.uci.edu/ml/datasets/Pen-Based+Recognition+of+Handwritten+Digits},
institution = {University of California, Irvine, School of Information and Computer Sciences} }
@misc{assamese,
author = {Udayan Baruah  and Shyamanta M Hazarika},
year = {2011},
title = {Online Handwritten Assamese Characters Dataset Data Set},
url = {https://archive.ics.uci.edu/ml/datasets/Online+Handwritten+Assamese+Characters+Dataset},
institution = {University of California, Irvine, School of Information and Computer Sciences} }
@book{FLA,
author = {Christophe Reutenauer},
title = {Free Lie Algebras},
year = {1994},
}
@book{Lyons,
author = {Terry Lyons},
title = {System control and rough paths},
year = {2002},
}
@Book{FrizVictoir,
title = {Multidimensional Stochastic Processes as Rough Paths: Theory and Applications},
author = {Nicolas B. Victoir and Peter Friz},
year = {2010},
}
@article{Lyons98,
author = {Terry Lyons},
title = {Differential equations driven by rough signals},
pages = {215-310},
     journal = {Revista Matem\'atica Iberoamericana},
     volume = {14},
      number = {2},
year = {1998},
}
@book{Lyons07,
author = {Terry Lyons and Michael Caruana and Thierry L\'evy},
title = {Differential Equations Driven by Rough Paths},
year = {2007},
}
@book{Conway,
author = {Elwyn R. Berlekamp and John H. Conway, and Richard K. Guy},
title = {Winning ways for your mathematical plays (vol 1)},
year = {1982},
}
@unpublished{Giles,
	author = {Mike Giles and Terry Lyons},
	title = {Private communication},
	year = {2017},
}



@misc{coropa,
author = {Terry Lyons and Stephen Buckley and Djalil Chafai and Greg Gyurkó and Arend Janssen},
title = {CoRoPa Computational Rough Paths (software library)},
year = {2010},
url = {http://coropa.sourceforge.net/},
}
@Misc{scipy,
	author =    {Eric Jones and Travis Oliphant and Pearu Peterson and others},
	title =     {{SciPy}: Open source scientific tools for {Python}},
	year =      {2001--},
	url = "http://www.scipy.org/",
 	note = {[Online; accessed <today>]}
}
@article{numpy,
	author = {Stéfan van der Walt and S. Chris Colbert and Gaël Varoquaux},
	title = {The NumPy Array: A Structure for Efficient Numerical Computation},
	journal = {Computing in Science \& Engineering},
	volume = {13},
	number = {2},
	pages = {22-30},
	year = {2011},
	doi = {10.1109/MCSE.2011.37},	
	URL = { http://aip.scitation.org/doi/abs/10.1109/MCSE.2011.37 }
}
@misc{sparseconvnet,
author = {Benjamin Graham},
title = {SparseConvNet code},
year = {2015},
url = {https://github.com/btgraham/SparseConvNet},
}
@misc{keras,
	title={Keras},
	author={Fran\c{c}ois Chollet},
	year={2015},
	publisher={GitHub},
	howpublished={\url{https://github.com/fchollet/keras}},
}
@ARTICLE{theano,
	author = {{Theano Development Team}},
	title = "{Theano: A {Python} framework for fast computation of mathematical expressions}",
	journal = {arXiv e-prints},
	volume = {abs/1605.02688},
	primaryClass = "cs.SC",
	year = 2016,
	month = may,
	url = {http://arxiv.org/abs/1605.02688},
}
@Article{Matplotlib,
  Author    = {Hunter, J. D.},
  Title     = {Matplotlib: A 2D graphics environment},
  Journal   = {Computing In Science \& Engineering},
  Volume    = {9},
  Number    = {3},
  Pages     = {90--95},
  abstract  = {Matplotlib is a 2D graphics package used for Python
  for application development, interactive scripting, and
  publication-quality image generation across user
  interfaces and operating systems.},
  publisher = {IEEE COMPUTER SOC},
  doi = {10.1109/MCSE.2007.55},
  year      = 2007
}
@misc{DSWLemma,
	title={Dynkin-Specht-Wever Lemma},
	author = {Mark Wildon},
	year = 2012,
	url={https://wildonblog.wordpress.com/2012/06/06/dynkin-specht-wever-lemma/}
}

@ARTICLE{bch,
   author = {Fernando Casas and Ander Murua},
    title = {An efficient algorithm for computing the {Baker-Campbell-Hausdorff} series and some of its applications},
  journal = {Journal of Mathematical Physics},
	eprint = {http://arxiv.org/abs/0810.2656},
     year = 2009,
    month = mar,
   volume = 50,
   number = 3,
    pages = {033513},
}
@misc{bchinfo,
title={The {BCH} formula and the symmetric {BCH} formula up to terms of degree 20},
   author = {Fernando Casas and Ander Murua},
url={http://www.ehu.eus/ccwmuura/bch.html}
}
@misc{ wikinecklace,
   author = "Wikipedia",
   title = "Necklace polynomial",
   year = "2015",
   url = "http://en.wikipedia.org/wiki/Necklace_polynomial",
    note = "[Online; accessed 28-May-2015]"
}
@article{hall1950,
	author = {Marshall Hall},
	title = {A basis for free Lie rings and higher commutators in free groups},
	url = {http://www.ams.org/journals/proc/1950-001-05/S0002-9939-1950-0038336-7/home.html},
	year = {1950},
	}
@article{shirshov,
	author = {Anatoli Illarionovich Shirshov},
	title = {Subalgebras of free Lie algebras},
	journal = {Mat. Sbornik N.S.},
	year = {1953}
}
@article{witt,
	author = {Ernst Witt},
	journal = {J. Reine Angew. Math.},
	year = {1937},
	volume = 177,
	pages={152-160},
	title = {Treue Darstellung Liescher Ringe}
}
	
@incollection{Lejay,
  title={An introduction to rough paths},
  author={Antoine Lejay},
  booktitle={S{\'e}minaire de probabilit{\'e}s XXXVII},
  pages={1-59},
  year={2003},
  publisher={Springer}
}
@article{sigmoidDeriv,
  title={On the derivatives of the sigmoid},
  author={Minai, Ali A and Williams, Ronald D},
  journal={Neural Networks},
  volume={6},
  number={6},
  pages={845--853},
  year={1993},
  publisher={Elsevier}
}
@article{papavasiliou,
  title={Parameter estimation for rough differential equations},
  author={Papavasiliou, Anastasia and Ladroue, Christophe},
  journal={The Annals of Statistics},
  volume={39},
  number={4},
  pages={2047--2073},
  year={2011},
  publisher={Institute of Mathematical Statistics},
  url = "http://arxiv.org/abs/0812.3102",
}
@article{convergence,
	author = {Hao Ni and Weijun Xu},
	title = {Concentration and exact convergence rates for expected Brownian signatures},
	journal = {Electron. Commun. Probab.},
	fjournal = {Electronic Communications in Probability},
	volume = {20},
	year = {2015},
	pages = {no. 8, 1-11},
	url = {http://arxiv.org/pdf/1208.1067.pdf}
}
@misc{LSTM_intro,
	title={Understanding LSTM Networks},
	author = {Christopher Olah},
	url={http://colah.github.io/posts/2015-08-Understanding-LSTMs/},
	year={2015}
}
