@Manual{ref:R,
    title = {R: A Language and Environment for Statistical Computing},
    author = {{R Core Team}},
    organization = {R Foundation for Statistical Computing},
    address = {Vienna, Austria},
    year = {2018},
    url = {https://www.R-project.org/}
  }
  
@Manual{ref:FuzzyNumbers,
    title = {FuzzyNumbers Package: Tools to Deal with Fuzzy Numbers in R},
    author = {Gagolewski, M. and Caha, J.},
    year = {2018},
    url = {http://FuzzyNumbers.rexamine.com/}
}

@article{ref:LeeTanaka1999,
   author = {Lee, H. and Tanaka, H.},
   title = {Fuzzy approximations with non-symmetric fuzzy parameters in fuzzy regression analysis},
   journal = {Journal of Operations Research},
   volume = {42},
   pages = {98-112},
   year = {1999}
}

@article{ref:Nasrabadi2005,
   author = {Nasrabadi, M. M. and Nasrabadi, E. and Nasrabady, A. R.},
   title = {Fuzzy linear regression analysis: a multi-objective programming approach},
   journal = {Applied Mathematics and Computation},
   volume = {163},
   pages = {245-251},
   year = {2005}
}

  @Manual{ref:fuzzyreg,
    title = {{fuzzyreg}: Fuzzy Linear Regression},
    author = {\v{S}krab\'{a}nek, P. and Mart\'{i}nkov\'{a}, N.},
    year = {2018},
    note = {R package version 0.3},
    url = {https://CRAN.R-project.org/package=fuzzyreg},
  }

@article{ref:Tanaka1989,
   author = {Tanaka, H. and Hayashi, I. and Watada, J.},
   title = {Possibilistic linear regression analysis for fuzzy data},
   journal = {European Journal of Operational Research},
   volume = {40},
   pages = {389-396},
   year = {1989}
}

@article{ref:Hung2006,
   author = {Hung, W.-L. and Yang, M.-S.},
   title = {An omission approach for detecting outliers in fuzzy regression models},
   journal = {Fuzzy Sets and Systems},
   volume = {157},
   pages = {3109-3122},
   year = {2006}
}

@article{ref:Diamond1988,
   author = {Diamond, P.},
   title = {Fuzzy least squares},
   journal = {Information Sciences},
   volume = {46},
   number = {3},
   pages = {141-157},
   year = {1988}
}

@article{ref:ChenHsueh2009, 
   author={L. Chen and C. Hsueh}, 
   journal={IEEE Transactions on Fuzzy Systems}, 
   title={Fuzzy Regression Models Using the Least-Squares Method Based on the Concept of Distance}, 
   year={2009}, 
   volume={17}, 
   pages={1259-1272}, 
   doi={10.1109/TFUZZ.2009.2026891}
}

@article{ref:KimBishu1998,
   title = "Evaluation of fuzzy linear regression models by comparing membership functions",
   journal = "Fuzzy Sets and Systems",
   volume = "100",
   pages = "343-352",
   year = "1998",
   doi = "https://doi.org/10.1016/S0165-0114(97)00100-0",
   author = "B. Kim and R. R. Bishu"
}
