% acmtr.bib
% $Header: acmtr.bib,v 1.3 96/01/30 14:27:43 boyland Exp $

@book{boostpython:website,
author = "David Abrahams",
title = "boost.python Index",
publisher = "boost",
address = "\url{http://www.boost.org/doc/libs/1_42_0/libs/python/}",
year = "2008"}

@book{abramowitz:textbook,
author = "Milton {Abramowitz} and Irene A. Stegun",
title = "Handbook of Mathematical Functions, 9$^{th}$ Printing",
publisher = "Dover Publications",
address = "New York",
year = "1972"}

@book{becker:textbook,
author = "Pete Becker",
title = "The C++ Standard Library Extensions: A Tutorial and Reference",
publisher = "Addison Wesley",
address = "Reading Massachusetts",
year = "2006"}

@book{boostlic:website,
author = "boost{}",
title = "Boost Software License Version 1.0",
publisher = "Boost",
address = "\url{http://www.boost.org/users/license/}",
year = "2003"}

@book{coplien:textbook,
author = "James O. Coplien",
title = "Advanced C++ Programming Styles and Idioms",
publisher = "Addison Wesley",
address = "Reading Massachusetts",
year = "1992"}

@book{cygwin:website,
author = "CYGWIN{}",
title = "GNU $+$ Cygnus $+$ Windows $=$ cygwin: cygwin DLL Version 1.5.25-15",
publisher = "Red Hat, Inc.",
address = "\url{http://gcc.cygwin.com/}",
year = "2008"}

@book{foord:textbook,
author = "Michael J. Foord and Christian Muirhead",
title = "IronPython in Action ",
publisher = "Manning Publications",
address = "Greenwich, CT",
year = "2009"}

@article{33:2:1,
author = "Laurent Fousse and Guillaume Hanrot and Vincent Lef\`evre and Patrick P\'elissier and Paul Zimmermann",
title = "{M}{P}{F}{R}: A Multiple--Precision Binary Floating--Point Library With Correct Rounding",
journal = "ACM Trans. Math. Soft.",
volume =  "33",
number = "2",
year = "2007",
pages = "1--15"}

@book{gcc:website,
author = "GCC{}",
title = "The GNU Compiler Collection Version 4.3.3",
publisher = "Free Software Foundation",
address = "\url{http://gcc.gnu.org/}",
year = "2008"}

@book{gladman:ports,
author = "Brian {Gladman}",
title = "Building GMP and MPFR with Microsoft Visual Studio 2008 and YASM",
publisher = "Brian Gladman",
address = "\url{http://gladman.plushost.co.uk/oldsite/computing/gmp4win.php}",
year = "2008"}

@book{gmp:website,
author = "GMP{}",
title = "GNU Multiple Precision Arithmetic Library Version 4.2.4",
publisher = "Free Software Foundation",
address = "\url{http://gmplib.org/}",
year = "2008"}

@book{gnulic:website,
author = "GNU{}",
title = "GNU General Public License",
publisher = "Free Software Foundation",
address = "\url{http://www.gnu.org/copyleft/gpl.html}",
year = "2007"}

@book{gnumake:website,
author = "GNUmake{}",
title = "GNUmake Version 3.81",
publisher = "Free Software Foundation",
address = "\url{http://www.gnu.org/software/make/}",
year = "2006"}

@book{icc:website,
author = "Intel{}",
title = "Intel{\footnotesize {\textregistered}} C++ Compiler Professional Edition",
publisher = "Intel",
address = "\url{http://software.intel.com/en-us/intel-compilers/}",
year = "2008"}

@book{ironpython:website,
author = "Microsoft{}",
title = "IronPython",
publisher = "Microsoft Corporation",
address = "\url{http://www.ironpython.net/}",
year = "2009"}

@book{isoiec9899:textbook,
author = "ISO{}",
title = "ISO/IEC 9899:1994 - Programming languages -- C",
publisher = "International Organization for Standardization",
address = "Geneva, Switzerland",
year = "1994"}

@book{isoiec14882:textbook,
author = "ISO{}",
title = "ISO/IEC 14882:2003 - Programming languages -- C++",
publisher = "International Organization for Standardization",
address = "Geneva, Switzerland",
year = "2003"}

@book{isoiec19768:textbook,
author = "ISO{}",
title = "ISO/IEC 19768:2005 C++ Library Extensions TR1",
publisher = "International Organization for Standardization",
note = "(Draft)",
address = "Geneva, Switzerland",
year = "2005"}

@book{isoiec23271:textbook,
author = "ISO{}",
title = "ISO/IEC 23271:2006 : Information Technology Programming Languages -- Common Language Infrastructure (CLI) Partitions I to VI",
publisher = "International Organization for Standardization",
address = "Geneva, Switzerland",
year = "2006"}

@book{isoiec23270:textbook,
author = "ISO{}",
title = "ISO/IEC 23270:2006 : Information Technology Programming Languages -- C\#",
publisher = "International Organization for Standardization",
address = "Geneva, Switzerland",
year = "2006"}

@book{isoiec29123:textbook,
author = "ISO{}",
title = "ISO/IEC 29123:draft Extensions to the C++ Library to Support Mathematical Special Functions",
publisher = "International Organization for Standardization",
note = "(Draft)",
address = "Geneva, Switzerland",
year = "2009"}

@book{jahnkeemden:textbook,
author = "E. Jahnke and F. Emden",
title = "Tables of Functions with Formulae and Curves",
edition = 4,
publisher = "Dover",
address = "New York, NY",
year = "1945"}

@book{josuttis:textbook,
author = "Nicolai M. Josuttis",
title = "The C++ Standard Library: A Tutorial and Reference",
publisher = "Addison Wesley",
address = "Reading Massachusetts",
year = "1999"}

@book{lukealgo:textbook,
author = "Yudell L. Luke",
title = "Algorithms for the Computation of Mathematical Functions",
publisher = "Academic Press",
address = "New York, NY",
year = "1977"}

@book{microsoft:vs2008,
author = "Microsoft{}",
title = "Microsoft{\footnotesize {\textregistered}} Visual Studio Professional 2008 with Service Pack 1",
publisher = "Microsoft",
address = "\url{http://www.microsoft.com/visualstudio/}",
year = "2008"}

@book{microsoft:clr,
author = "Microsoft{}",
title = "Common Language Runtime Overview",
publisher = "Microsoft",
address = "\url{http://msdn.microsoft.com/en-us/library/ddk909ch.aspx}",
year = "2010"}

@book{microsoft:nmake,
author = "Microsoft{}",
title = "NMAKE Reference",
publisher = "Microsoft",
address = "\url{http://msdn.microsoft.com/en-us/library/dd9y37ha(VS.71).aspx}",
year = "2009"}

@book{misra:misrac,
author = "MISRA{}",
title = "MISRA--C 2004: Guidelines for the Use of the C Language in Critical Systems",
publisher = "MISRA Consortium",
address = "\url{http://www.misra.org.uk/}",
year = "2004"}

@book{misra:misracpp,
author = "MISRA{}",
title = "MISRA--C++ 2008: Guidelines for the Use of the C++ Language in Critical Systems",
publisher = "MISRA Consortium",
address = "\url{http://www.misra-cpp.org/}",
year = "2008"}

@book{mpmath:website,
author = "MPMATH{}",
title = "Python library for arbitrary--precision floating--point arithmetic",
publisher = "mpmath Project",
address = "\url{http://code.google.com/p/mpmath/}",
year = "2009"}

@book{python:website,
author = "PSF{}",
title = "Python Programming Language --- Official Website",
publisher = "Python Software Foundation",
address = "\url{http://www.python.org/}",
year = "2009"}

@book{richterclr:textbook,
author = "Jeffrey Richter",
title = "{CLR} Via {C}\#",
edition = 2,
publisher = "Microsoft Press",
address = "Redmond, WA",
year = "2006"}

@book{osi:website,
author = "OSI{}",
title = "The Open Source Initiative",
publisher = "Open Source Initiative",
address = "\url{http://www.opensource.org/}",
year = "2007"}

@book{opensource:textbook,
author = "Andrew M. {St. Laurent}",
title = "Understanding Open Source \& Free Software Licensing",
publisher = "O'Reilley",
address = "Sebastopol, CA",
year = "2004"}

@book{vandevoorde:textbook,
author = "David Vandevoorde and Nicolai M. Josuttis",
title = "C++ Templates: The Complete Guide",
publisher = "Addison Wesley",
address = "Boston",
year = "2003"}

@book{gccguide:textbook,
author = "William von Hagen",
title = "The Definitive Guide to GCC",
publisher = "Apress",
address = "Berkley, CA",
year = "2006"}

@book{wolframmathworld:website,
author = "Eric Weisstein",
title = "Wolfram Mathworld{\footnotesize {\textregistered}} Website",
publisher = "Wolfram Research",
address = "\url{http://mathworld.wolfram.com/}",
year = "2009"}

@book{wiki:website,
author = "Wikipedia{}",
title = "Wikipedia --- The Free Encyclopedia",
publisher = "Wikipedia",
address = "\url{http://en.wikipedia.org/wiki/}",
year = "2009"}

@book{wolframfunctions:website,
author = "{Wolfram Research}",
title = "The Wolfram Functions Site",
publisher = "Wolfram Research",
address = "\url{http://functions.wolfram.com/}",
year = "2009"}

@book{wolframmathematica:website,
author = "{Wolfram Research}",
title = "Wolfram Mathematica{\footnotesize {\textregistered}} 7",
publisher = "Wolfram Research",
address = "\url{http://www.wolfram.com/}",
year = "2008"}

@book{wolfram:textbook,
author = "Stephen {Wolfram}",
title = "The Mathematica{\footnotesize {\textregistered}} Book",
edition = 4,
publisher = "Cambridge University Press",
address = "Cambridge, UK",
year = "1999"}

@book{yang:textbook,
author = "Daoqi {Yang}",
title = "C++ and Object Oriented Numeric Computing for Scientists and Engineers",
publisher = "Springer",
address = "New York",
year = "2001"}

@book{zhang:textbook,
author = "Shanjie {Zhang} and Jianming Jin",
title = "Computation of Special Functions",
publisher = "Wiley",
address = "New York",
year = "1996"}
