@misc{cgal,
    title = "\textsc{Cgal}, {C}omputational {G}eometry {A}lgorithms {L}ibrary",
    note  = "http://www.cgal.org"
}
