@ARTICLE {rAFF85a,
	AUTHOR="L. Afflerbach and H. Grothe",
	TITLE="Calculation of {M}inkowski-Reduced Lattice Bases",
	JOURNAL={Computing},
	VOLUME={35},
	YEAR={1985},
	PAGES={269--276}  }

@article{rCOO06a,
  author =       {R. Cools and F. Y. Kuo and D. Nuyens},
  title =        {Constructing embedded lattice rules for multivariate integration},
  journal = 	 {{SIAM} Journal on Scientific Computing},
  pages =	 {2162--2188},
  volume = {28},
  number = {16},
  year =       {2006},
}

@ARTICLE {rDIE75a,
	AUTHOR="U. Dieter",
	TITLE="How to Calculate Shortest Vectors in a Lattice",
	JOURNAL={Mathematics of Computation},
	VOLUME={29},
	NUMBER={131},
	YEAR={1975},
	PAGES={827--833}  }

@ARTICLE {rFIS90a,
	AUTHOR="G. S. Fishman",
	TITLE="Multiplicative Congruential Random Number Generators
	  with Modulus $2^eta$: An Exhaustive Analysis for
	  $eta=32$ and a Partial Analysis for $eta=48$",
	JOURNAL={Mathematics of Computation},
	VOLUME={54},
	NUMBER={189},
	MONTH={Jan},
	YEAR={1990},
	PAGES={331--344}  }

@BOOK {rKNU81a,
	AUTHOR="D. E. Knuth",
	TITLE={The Art of Computer Programming, Volume 2:
	   Seminumerical Algorithms},
	EDITION={Second},
	PUBLISHER="Addison-Wesley",
        ADDRESS={Reading, MA},
	YEAR={1981}  }

@BOOK {rKNU98a,
       old = {rKNU97a},
	AUTHOR="D. E. Knuth",
	TITLE={The Art of Computer Programming, Volume 2:
	   Seminumerical Algorithms},
	EDITION={Third},
	PUBLISHER="Addison-Wesley",
        ADDRESS={Reading, MA},
	YEAR={1998}  }

@ARTICLE {rLEC90a,
	AUTHOR="P. L'Ecuyer",
	TITLE="Random Numbers for Simulation",
	JOURNAL={Communications of the ACM},
	VOLUME={33},
	NUMBER={10},
	YEAR={1990},
	PAGES={85--97}  }

@ARTICLE {rLEC94e,
	AUTHOR="P. L'Ecuyer and R. Couture",
	TITLE="An Implementation of the Lattice and Spectral Tests for
	       Multiple Recursive Linear Random Number Generators",
	JOURNAL={INFORMS Journal on Computing},
        VOLUME={9},
        NUMBER={2},
        PAGES={206--217},
	YEAR={1997} }

@ARTICLE {rLEC97c,
        old="rLEC94e",
	AUTHOR="P. L'Ecuyer and R. Couture",
	TITLE="An Implementation of the Lattice and Spectral Tests for
	       Multiple Recursive Linear Random Number Generators",
	JOURNAL={INFORMS Journal on Computing},
        VOLUME={9},
        NUMBER={2},
        PAGES={206--217},
	YEAR={1997} }

@article {rLEC99a,
        old = "rLEC97g",
	AUTHOR="P. L'Ecuyer",
	TITLE="Tables of Maximally Equidistributed Combined {LFSR} Generators",
	JOURNAL={Mathematics of Computation},
        VOLUME={68},
        NUMBER={225},
        PAGES={261--269},
	YEAR={1999}
        }

@ARTICLE {rMAR68a,
	AUTHOR="G. Marsaglia",
	TITLE="Random Numbers Fall Mainly in the Planes",
	JOURNAL={Proceedings of the National Academy of
           Sciences of the United States of America},
	VOLUME={60},
	YEAR={1968},
	PAGES={25--28}  }

@INPROCEEDINGS {rSIN08a,
    author    = {V. Sinescu and S. Joe},
    title     = {Good Lattice Rules with a Composite number of points Based on the
        product Weighted Star Discrepancy},
    BOOKTITLE = {Monte Carlo and Quasi-Monte Carlo Methods 2006},
    EDITOR    = {A. Keller and S. Heinrich and H. Niederreiter},
    PUBLISHER = {Springer},
    year      = {2008},
    pages     = {645--658}
}

@article{rSIN11a,
     author = {V. Sinescu and P. L'Ecuyer},
     title = {Existence and Contruction of Shifted Lattice Rules with an
         Arbitrary Number of Points and Bounded Worst-Case Error for General Weights},
  journal   = {Journal of Complexity},
  volume    = {27},
  number    = {5},
  year      = {2011},
  pages     = {449--465}
}
