@article{vDIC08c,
  author    = {J. Dick and
               F. Pillichshammer and
               B. J. Waterhouse},
  title     = {The construction of good extensible rank-1 lattices},
  journal   = {Mathematics of Computation},
  volume    = {77},
  number    = {264},
  year      = {2008},
  pages     = {2345--2373},
}

@Article{vJOE92b,
  author = 	 {S. Joe and I. H. Sloan},
  title = 	 {On Computing the Lattice Rule Criterion {R}},
  journal = 	 {Mathematics of Computation},
  year = 	 {1992},
  volume =	 {59},
  pages =	 {557--568},
  OPTnote = 	 {},
  OPTannote = 	 {}
}
