

@article{barber1996quickhull,
  title={The quickhull algorithm for convex hulls},
  author={Barber, C Bradford and Dobkin, David P and Huhdanpaa, Hannu},
  journal={ACM Transactions on Mathematical Software (TOMS)},
  volume={22},
  number={4},
  pages={469--483},
  year={1996},
  publisher={Acm}
}

@inproceedings{toussaint1983solving,
  title={Solving geometric problems with the rotating calipers},
  author={Toussaint, Godfried T},
  booktitle={Proc. IEEE Melecon},
  volume={83},
  pages={A10},
  year={1983}
}

@article{chazelle1993optimal,
  title={An optimal convex hull algorithm in any fixed dimension},
  author={Chazelle, Bernard},
  journal={Discrete \& Computational Geometry},
  volume={10},
  number={1},
  pages={377--409},
  year={1993},
  publisher={Springer}
}

@article{kalantari2015characterization,
  title={A characterization theorem and an algorithm for a convex hull problem},
  author={Kalantari, Bahman},
  journal={Annals of Operations Research},
  volume={226},
  number={1},
   pages={301--349},
  year={2015},
  publisher={Springer}
}

@article{zhang2003sequential,
  title={Sequential greedy approximation for certain convex optimization problems},
  author={Zhang, Tong},
  journal={IEEE Transactions on Information Theory},
  volume={49},
  number={3},
  pages={682--691},
  year={2003},
  publisher={IEEE}
}

@article{clarkson2010coresets,
  title={Coresets, sparse greedy approximation, and the Frank-Wolfe algorithm},
  author={Clarkson, Kenneth L},
  journal={ACM Transactions on Algorithms (TALG)},
  volume={6},
  number={4},
  pages={63},
  year={2010},
  publisher={ACM}
}

@inproceedings{bansal2014provable,
  title={A provable SVD-based algorithm for learning topics in dominant admixture corpus},
  author={Bansal, Trapit and Bhattacharyya, Chiranjib and Kannan, Ravindran},
  booktitle={Advances in Neural Information Processing Systems},
  pages={1997--2005},
  year={2014}
}

@inproceedings{awasthi2015some,
  title={On some provably correct cases of variational inference for topic models},
  author={Awasthi, Pranjal and Risteski, Andrej},
  booktitle={Advances in Neural Information Processing Systems},
  pages={2098--2106},
  year={2015}
}

@inproceedings{yao2009efficient,
  title={Efficient methods for topic model inference on streaming document collections},
  author={Yao, Limin and Mimno, David and McCallum, Andrew},
  booktitle={Proceedings of the 15th ACM SIGKDD international conference on Knowledge discovery and data mining},
  pages={937--946},
  year={2009},
  organization={ACM}
}

@inproceedings{stevens2012exploring,
  title={Exploring topic coherence over many models and many topics},
  author={Stevens, Keith and Kegelmeyer, Philip and Andrzejewski, David and Buttler, David},
  booktitle={Proceedings of the 2012 Joint Conference on Empirical Methods in Natural Language Processing and Computational Natural Language Learning},
  pages={952--961},
  year={2012},
  organization={Association for Computational Linguistics}
}

@article{burges1998tutorial,
  title={A tutorial on support vector machines for pattern recognition},
  author={Burges, Christopher JC},
  journal={Data mining and knowledge discovery},
  volume={2},
  number={2},
  pages={121--167},
  year={1998},
  publisher={Springer}
}

@inproceedings{jaggi2013revisiting,
  title={Revisiting Frank-Wolfe: Projection-Free Sparse Convex Optimization.},
  author={Jaggi, Martin}
}
@article{frank1956algorithm,
  title={An algorithm for quadratic programming},
  author={Frank, Marguerite and Wolfe, Philip},
  journal={Naval Research Logistics (NRL)},
  volume={3},
  number={1-2},
  pages={95--110},
  year={1956},
  publisher={Wiley Online Library}
}
@inproceedings{gartner2009coresets,
  title={Coresets for polytope distance},
  author={G{\"a}rtner, Bernd and Jaggi, Martin},
  booktitle={Proceedings of the twenty-fifth annual symposium on Computational geometry},
  pages={33--42},
  year={2009},
  organization={ACM}
}

@article{gilbert1966iterative,
  title={An iterative procedure for computing the minimum of a quadratic form on a convex set},
  author={Gilbert, Elmer G},
  journal={SIAM Journal on Control},
  volume={4},
  number={1},
  pages={61--80},
  year={1966},
  publisher={SIAM}
}

@inproceedings{har2007maximum,
  title={Maximum Margin Coresets for Active and Noise Tolerant Learning.},
  author={Har-Peled, Sariel and Roth, Dan and Zimak, Dav},
  booktitle={IJCAI},
  pages={836--841},
  year={2007}
}
@article{jin2006procedure,
  title={A procedure of Chv{\'a}tal for testing feasibility in linear programming and matrix scaling},
  author={Jin, Yi and Kalantari, Bahman},
  journal={Linear algebra and its applications},
  volume={416},
  number={2-3},
  pages={795--798},
  year={2006},
  publisher={Elsevier}
}





@book{chvatal1983linear,
  title={Linear programming},
  author={Chv{\'a}tal, Vasek},
  year={1983},
  publisher={Macmillan}
}



@InProceedings{pmlr-v84-awasthi18a,
  title = 	 {Robust Vertex Enumeration for Convex Hulls in High Dimensions},
  author = 	 {Pranjal Awasthi and Bahman Kalantari and Yikai Zhang},
  booktitle = 	 {Proceedings of the Twenty-First International Conference on Artificial Intelligence and Statistics},
  pages = 	 {1387--1396},
  year = 	 {2018},
 note = {Full version available at {https://arxiv.org/abs/1802.01515}}
}


@book{toth2017handbook,
  title={Handbook of discrete and computational geometry},
  author={Toth, Csaba D and O'Rourke, Joseph and Goodman, Jacob E},
  year={2017},
  publisher={Chapman and Hall/CRC}
}

@article{kalantari2019algorithmic,
  title={An algorithmic separating hyperplane theorem and its applications},
  author={Kalantari, Bahman},
  journal={Discrete Applied Mathematics},
  volume={256},
  pages={59--82},
  year={2019},
  publisher={Elsevier}
}


@misc{dixon1993gift,
  title={Gift wrapping},
  author={Dixon, Merle},
  year={1993},
  month=feb # "~16",
  publisher={Google Patents},
  note={US Patent 5,186,988}
}
@article{barber1996quickhull,
  title={The quickhull algorithm for convex hulls},
  author={Barber, C Bradford and Dobkin, David P and Dobkin, David P and Huhdanpaa, Hannu},
  journal={ACM Transactions on Mathematical Software (TOMS)},
  volume={22},
  number={4},
  pages={469--483},
  year={1996},
  publisher={Acm}
}

@article{kalantari20191,
  title={Spherical Triangle Algorithm: A Fast Oracle for Convex Hull Membership Queries},
  author={Kalantari, Bahman and  Zhang,  Yikai},
  journal={arXiv preprint arXiv:1810.07346},
  year={2019}
}
@article{johnson1984extensions,
  title={Extensions of Lipschitz mappings into a Hilbert space},
  author={Johnson, William B and Lindenstrauss, Joram},
  journal={Contemporary mathematics},
  volume={26},
  number={189-206},
  pages={1},
  year={1984}
}