% This file was created with JabRef 2.7.2.
% Encoding: Cp1252

@STRING{DECA = {Decision Anal.}}

@STRING{EJOR = {Eur. J. Oper. Res.}}

@STRING{IJOC = {INFORMS J. Comput.}}

@STRING{INTE = {Interfaces}}

@STRING{ISRE = {Inform. Systems Res.}}

@STRING{JOTA = {J. Optim. Theory Appl.}}

@STRING{LAA = {Linear Algebra Appl.}}

@STRING{MC = {Math. Comput.}}

@STRING{MNSC = {Management Sci.}}

@STRING{MOOR = {Math. Oper. Res.}}

@STRING{MP = {Math. Programming}}

@STRING{MPA = {Math. Programming, Ser.˜A}}

@STRING{MPB = {Math. Programming, Ser.˜B}}

@STRING{MPS = {Math. Programming Stud.}}

@STRING{MSOM = {Manufacturing Service Oper. Management}}

@STRING{NUMMATH = {Numer. Math.}}

@STRING{OPRE = {Oper. Res.}}

@STRING{ORSAC = {ORSA J. Comput.}}

@STRING{ORSC = {Organ. Sci.}}

@STRING{SIAPM = {SIAM J. Appl. Math.}}

@STRING{SIC = {SIAM J. Comput.}}

@STRING{SICON = {SIAM J. Control Optim.}}

@STRING{SINUM = {SIAM J. Numer. Anal.}}

@STRING{SIOPT = {SIAM J. Optim.}}

@STRING{SIREV = {SIAM Rev.}}

@STRING{SISC = {SIAM J. Sci. Comput.}}

@STRING{TOMS = {ACM Trans. Math. Software}}

@STRING{TR = {Transportation Res.}}

@STRING{TRA = {Transportation Res. A}}

@STRING{TRB = {Transportation Res. B}}

@STRING{TRC = {Transportation Res. C}}

@STRING{TRSC = {Transportation Sci.}}

@BOOK{abra.steg64,
  title = {Handbook of mathematical functions: with formulas, graphs, and mathematical
	tables},
  publisher = {Dover Publications},
  year = {1964},
  author = {Abramowitz, Milton and Stegun, Irene A.},
  pages = {1046p}
}

@BOOK{bart.sher82,
  title = {Introduction to real analysis},
  publisher = {John Wiley \& Sons Inc.},
  year = {1982},
  author = {Bartle, Robert Gardner and Sherbert, Donald R.},
  pages = {xiii+370},
  address = {New York},
  isbn = {0-471-05944-7},
  mrclass = {26-01},
  mrnumber = {84c:26001},
  mrreviewer = {William Eames}
}

@BOOK{cohn80,
  title = {Measure theory},
  publisher = {Birkh{\"a}user},
  year = {1980},
  author = {Cohn, Donald L.},
  isbn = {0-8176-3003-1}
}

@ARTICLE{demp.lair.ea77,
  author = {Dempster, A.P. and Laird, N.M. and Rubin D.B.},
  title = {Maximum likelihood from incomplete data via the {EM} algorithm},
  journal = {Journal of the Royal Statistical Society. Series B},
  year = {1977},
  volume = {39},
  pages = {1--38},
  owner = {Juan Fernando},
  timestamp = {2006.05.13}
}

@INBOOK{gour.monf95,
  chapter = {13 - Numerical Procedures},
  pages = {443-491},
  title = {Statistics and Econometric Models},
  publisher = {Cambridge University Press},
  year = {1995},
  author = {Gourieroux, C. and Monfort., A},
  volume = {1},
  owner = {usuario},
  timestamp = {2006.05.13}
}

@comment{jabref-meta: selector_author:mass.whit93;}

