@Inproceedings{BenhamouILPS94,
author       = {Fr{\'e}d{\'e}ric Benhamou and David McAllester and
                Pascal {Van Hentenryck}},
title        = {{CLP}({I}ntervals) {R}evisited},
booktitle    = {Procs. ILPS'94},
year         = {1994}
}

@inproceedings{BenhamouICLP99,
author       = {Fr{\'e}d{\'e}ric Benhamou and Fr{\'e}d{\'e}ric Goualard and
                Laurent Granvilliers and Jean-Fran\c{c}ois Puget},
title        = {Revising {H}ull and {B}ox {C}onsistency},
booktitle    = {Procs. ICLP'99},
year         = {1999}
}

@Article{ClearyFCS1987,
author       = {John G. Cleary},
title        = {{L}ogical {A}rithmetic},
journal      = {Future Computing Systems},
year         = {1987},
volume       = {2},
number       = {2},
pages        = {125--149}
}

@Article{CollavizzaReliable1999,
 author     = {H{\'e}l{\`e}ne Collavizza and Fran\c{c}ois Delobel and Michel Rueher},
 title      = {{C}omparing {P}artial {C}onsistencies},
 journal    = {Reliable Computing},
 year       = {1999},
 volume     = {5},
 number     = {3},
 pages      = {213--228}
}

@Unpublished{Colmerauer1995,
  author = 	 {Alain Colmerauer},
  title = 	 {Prolog {IV} {S}pecifications},
  note = 	 {Esprit project 5246},
  year = 	 {1995}
}

@Article{DavisAI1987,
author       = {Ernest Davis},
title        = {Constraint {P}ropagation with {I}nterval {L}abels},
journal      = {Artificial Intelligence},
year         = {1987},
volume       = {32},
pages        = {281--331}
}

@Article{FaltingsAI1994,
  author =       {Boi Faltings},
  title =        {{A}rc {C}onsistency for {C}ontinuous {V}ariables},
  year =         {1994},
  journal =      {Artificial Intelligence},
  volume =       {65},
  number =       {2},
  pages =        {363--376}
}

@Inproceedings{GranvilliersICTAI99,
author       = {Laurent Granvilliers and Fr{\'e}d{\'e}ric Goualard and
                 Fr{\'e}d{\'e}ric Benhamou},
title        = {Box {C}onsistency through {W}eak {B}ox {C}onsistency},
booktitle    = {Procs. IEEE ICTAI'99},
year         = {1999}
}

@Article{GranvilliersGO2001,
author       = {Laurent Granvilliers and Fr{\'e}d{\'e}ric Benhamou},
title        = {Progress in the {S}olving of a {C}ircuit {D}esign {P}roblem},
journal      = {J. Global Optim.},
year         = {2001},
volume       = {20},
number       = {2},
pages        = {155--168}
}

@Article{GranvilliersRC2001,
author       = {Laurent Granvilliers},
title        = {On the {C}ombination of {I}nterval {C}onstraint {S}olvers},
journal      = {Reliab. Comput.},
year         = {2001},
volume       = {7},
number       = {6},
pages        = {467--483}
}

@Book{HansenBook1992,
author       = {Eldon R. Hansen},
title        = {{G}lobal {O}ptimization using {I}nterval {A}nalysis},
publisher    = {Marcel Dekker},
year         = {1992}
}

@Article{HickeyJFLP2001,
author={Timothy J. Hickey},
title={Metalevel Interval Arithmetic and Verifiable Constraint Solving},
journal={Journal of Functional and Logic Programming},
volume={2001},
number={7},
year={2001}
}

@Article{HyvonenAI1992,
author       = {Eero Hyv{\"{o}}nen},
title        = {{C}onstraint {R}easoning Based on {I}nterval {A}rithmetic.
               {T}he {T}olerance {P}ropagation {A}pproach},
year         = {1992},
journal      = {Artificial Intelligence},
volume       = {58},
pages        = {71--112}
}

@Book{KearfottBook1996,
author      = {R. Baker Kearfott},
title       = {{R}igourous {G}lobal {S}earch: {C}ontinuous {P}roblems},
publisher   = {Kluwer, Dordrecht, The Netherlands},
year        = {1996}
}

@Techreport{IEEE754,
author       = {IEEE},
title        = {{IEEE} {S}tandard for {B}inary {F}loating-{P}oint {A}rithmetic},
year         = {1985},
number       = {IEEE Std 754-1985},
note         = {Reaffirmed 1990}
}

@Inproceedings{LhommeIJCAI1993,
author       = {Olivier Lhomme},
title        = {Consistency {T}echniques for {N}umeric {CSP}s},
booktitle    = {Procs. IJCAI'93},
year         = {1993}
}

@Book{MooreBook1966,
author       = {Ramon E. Moore},
title        = {{I}nterval {A}nalysis},
publisher    = {Prentice-Hall, Englewood Cliffs},
address      = {NJ},
year         = {1966}
}

@Book{NeumaierBook1990,
  author     = {Arnold Neumaier},
  title      = {{I}nterval {M}ethods for {S}ystems of {E}quations},
  publisher  = {Cambridge University Press},
  year       = {1990}
}

@book{NumericaBook1997,
author       = {Pascal {Van Hentenryck} and Laurent Michel and Yves Deville},
title        = {{N}umerica: a {M}odeling {L}anguage for {G}lobal {O}ptimization},
publisher    = {MIT Press},
year         = {1997}
}

@Inproceedings{OlderVellino1993,
author       = {William Older and Andr{\'e} Vellino},
title        = {{C}onstraint {A}rithmetic on {R}eal {I}ntervals},
booktitle    = {Constraint Logic Programming: Selected Research},
year         = {1993},
editor       = {F. Benhamou and A. Colmerauer},
publisher    = {MIT Press}
}

@Article{VanEmdenCO1997,
  author =       {Maarten H. {Van Emden}},
  title =        {Value {C}onstraints in the {CLP} {S}cheme},
  journal =      {Constraints},
  year =         {1997},
  volume =       {2},
  number =       {2},
  pages =        {163--183}
}

@Article{VanHentenryckSIAM1997,
  author =       {Pascal {Van Hentenryck} and David McAllester and Deepak Kapur},
  title =        {{S}olving {P}olynomial {S}ystems {U}sing a {B}ranch
                  and {P}rune {A}pproach},
  journal =      {SIAM Journal on Numerical Analysis},
  year =         {1997},
  volume =       {34},
  number =       {2},
  pages =        {797--827}
}
