@preamble{ "\newcommand{\noopsort}[1]{} "
	# "\newcommand{\printfirst}[2]{#1} "
	# "\newcommand{\singleletter}[1]{#1} "
	# "\newcommand{\switchargs}[2]{#2#1} " }

@ARTICLE{BenBMX01,
  author = {Benner, P. and Byers, R. and Mehrmann, V. and Xu, H.},
  title = {Numerical Computation of Deflating Subspaces of Skew-{H}amiltonian/{H}amiltonian Pencils},
  journal = {SIAM J. Matrix Anal. Appl.},
  volume = {24},
  number = {1},
  pages = {165--190},
  year = {2002},
}

@UNPUBLISHED{BenBLMX07,
  author = {Benner, P. and Byers, R. and Losse, P. and Mehrmann, V. and Xu, H.},
  title = {Numerical Solution of Real Skew-{H}amiltonian/{H}amiltonian Eigenproblems},
  year = {2007},
  note = {Unpublished report},
}

@MISC{BenSV14,
  author = {Benner, P. and Sima, V. and Voigt, M.},
  title = {Algorithm xxx -- {F}ortran 77 Subroutines for the Solution of Skew-{H}amiltonian/{H}amiltonian Eigenproblems},
  year = {2015},
  note = {Submitted},
}
