preamble{ "\setlength{\itemsep}{0mm} \small" }

@string{amc = {Appl. Math. Comput.}}
@string{itsf= {Int. Trans. Spec. F.}}
@string{jcam = {J.~Comput. Appl. Math.}}
@string{jmchem = {J.~Math. Chem.}}
@string{mc = {Math. Comp.}}
@string{siamjma = {SIAM J.~Math. Anal.}}
@string{siamr = {SIAM Review}}
@string{toms = {ACM T. Math. Software}}


%Reference texts (general)

@book{Abramowitz65,
	Author = {Abramowitz, M. and Stegun, I. A.},
	Date-Added = {2007-08-31 12:52:46 +0100},
	Date-Modified = {2007-08-31 12:52:46 +0100},
	Publisher = {Dover Publications, New York},
	Title = {Handbook of Mathematical Functions},
	Year = 1965}

@book{Andrews99,
author ="Andrews, G. E. and Askey, R. and Roy, R.",
title  ="Special Functions",
publisher="Cambridge University Press",
year   = "1999"
}

@book{Erdelyi53I,
	Author = {Erd{\'e}lyi, A. and Magnus, W. and Oberhettinger, F. and Tricomi, F. G.},
	Publisher = {McGraw-Hill, New York},
	Title = {{Higher Transcendental Functions}},
	Volume = 1,
	Year = 1953}

@book{Erdelyi53II,
	Author = {Erd{\'e}lyi, A. and Magnus, W. and Oberhettinger, F. and Tricomi, F. G.},
	Publisher = {McGraw-Hill, New York},
	Title = {{Higher Transcendental Functions}},
	Volume = 2,
	Year = 1953}

@book{Erdelyi53III,
	Author = {Erd{\'e}lyi, A. and Magnus, W. and Oberhettinger, F. and Tricomi, F. G.},
	Publisher = {McGraw-Hill, New York},
	Title = {{Higher Transcendental Functions}},
	Volume = 3,
	Year = 1953}


@book{Gradshteyn00,
	Author = {Gradshteyn, I. S. and Ryzhik, I. M.},
	Date-Added = {2007-08-31 12:52:46 +0100},
	Date-Modified = {2007-08-31 12:52:46 +0100},
	Edition = {6th},
	Publisher = {Academic Press, New York},
	Title = {Tables of Integrals, Series and Products},
	Year = 2000}

@book{Magnus66,
title     = "Formulas and theorems for the special functions of mathematical physics",
author    = "Magnus, W. and Oberhettinger, F. and Soni, R. P.",
publisher = "Springer--Verlag",
year      = "1966"
}

@book{Olver10,
title     = "{NIST} Handbook of Mathematical Functions",
author    = "Olver, F. W. J. and Lozier, D. W. and Boisvert, R. F. and Clark, C. W.",
publisher = "Cambridge University Press",
year      = "2010"
}

@book{Temme96,
title     = "An introduction to the classical functions of mathematical physics",
author    = "Temme, N. M.",
publisher = "Wiley",
year      = "1996"
}

@book{Wang88,
title     = "Special functions",
author    = "Wang, Z. X. and Guo, D. R.",
publisher = "World Scientific",
year      = "1988"
}

%Reference texts for specific functions

@book{Lewin81,
	Author = {Lewin, Leonard},
	Date-Added = {2007-08-31 12:52:46 +0100},
	Date-Modified = {2007-08-31 12:52:46 +0100},
	Publisher = {North Holland, New York},
	Title = {Polylogarithms and Associated Functions},
	Year = {1981}
}

@book{Watson44,
	Author = {Watson, G. N.},
	Date-Added = {2007-08-31 12:52:46 +0100},
	Date-Modified = {2007-08-31 12:52:46 +0100},
	Edition = {2nd},
	Publisher = {Cambridge University Press},
	Title = {A Treatise on the Theory of Bessel Functions},
	Year = {1944}
}

% Papers on specific functions

@INPROCEEDINGS{Gautschi98,
    author = {Gautschi, W.},
    title = {The Incomplete Gamma Functions Since {T}ricomi},
    booktitle = {Tricomi's Ideas and Contemporary Applied Mathematics, 
                 Atti dei Convegni Lincei, n. 147, Accademia Nazionale dei Lincei},
    year = {1998},
    pages = {203--237}
}

@article{Kolbig72,
	Author = {K\"olbig, K. S.},
	Journal = mc,
	Pages = {751--755},
	Title = {On the zeros of the incomplete gamma function},
	Volume = 26,
        Number = 119,
	Year = 1972
}

@article{Temme75,
author = "Temme, N. M.",
title  = "Uniform Asymptotic Expansions of the Incomplete Gamma Functions and the Incomplete Beta Function",
journal= mc,
volume = "29",
number ="132",
pages  ="1109--1114",
year   ="1975"
}

@article{Temme79,
author = "Temme, N. M.",
title  = "The asymptotic expansion of the incomplete gamma functions",
journal=siamjma,
volume = "10",
number = "4",
pages  = "757--766",
year   = "1979"
}

@article{Tricomi50,
author = "Tricomi, F. G.",
title  = "Asymptotische {E}igenschaften der unvollsta{\"a}ndigen {G}ammafunktion",
journal= "Mathematische Zeitschrift",
volume = "53",
number = "2",
pages  = "136--148",
year   = "1950"
}

@InCollection{Tricomi60,
  author    = 	 {Tricomi, F. G.},
  title     = 	 {Fonctions hyperg{\'e}om{\'e}triques confluentes},
  booktitle = 	 {M{\'e}morial des Sciences Math{\'e}matiques},
  publisher = {Gauthier--Villars},
  address   = {Paris},
  year      = {1960},
  volume    = {140}
}

@article{Thompson11,
  author = {Thompson, I.},
  title  = {A note on the real zeros of the incomplete gamma function},
  journal= {Integral transforms and special functions},
  year   = {Available online.\footnote{\texttt{doi:\ 10.1080/10652469.2011.597391}}}
}

%Books on computation

@book{Press92,
	Author = {Press, William H. and Teukolsky, Saul A. and Vetterling, William T. and Flannery, Brian P.},
	Date-Added = {2007-08-31 12:52:46 +0100},
	Date-Modified = {2007-08-31 12:52:46 +0100},
	Edition = {2nd},
	Publisher = {Cambridge University Press},
	Title = {{Numerical Recipes in C}},
	Year = {1992}
}

@book{Wimp84,
author = {Wimp, J.},
title  = {Computation with recurrence relations},
publisher = {Pitman},
place     = {Lonodon},
year      = {1984}
}

@book{Zhang96,
author    = "Zhang, S. and Jin, J.",
title     = "Computation of special functions",
publisher = "Wiley",
year      = "1996"
}

%Books on asymptotics
@book{Murray84,
author    = "Murray, J. D.",
title     = "Asymptotic Analysis",
publisher = "Springer--Verlag",
year      = "1984"
}

%Papers on computation

@Article{Amos80,
  author = 	 {Amos, D. E.},
  title = 	 {Computation of Exponential Integrals},
  journal = 	 toms,
  year = 	 {1980},
  volume = 	 {6},
  number = 	 {3},
  pages = 	 {365--377}
}

@TechReport{Amos83,
  author = 	 {Amos, D. E.},
  title = 	 {Computation of {B}essel functions of complex argument and large order},
  institution =  {Sandia National Laboratories, USA},
  year = 	 {1983},
  number = 	 {SAND-83-0643}
}

@TechReport{Amos83a,
  author = 	 {Amos, D. E.},
  title = 	 {Computation of {B}essel functions of complex argument},
  institution =  {Sandia National Laboratories, USA},
  year = 	 {1983},
  number = 	 {SAND-83-0086}
}

@TechReport{Amos85,
  author = 	 {Amos, D. E.},
  title = 	 {A subroutine package for {B}essel functions of a complex argument and nonnegative order},
  institution =  {Sandia National Laboratories, USA},
  year = 	 {1985},
  number = 	 {SAND85-1018}
}

@Article{Amos90,
  author = 	 {Amos, D. E.},
  title = 	 {Computation of Exponential Integrals of a complex argument},
  journal = 	 toms,
  year = 	 {1990},
  volume = 	 {16},
  number = 	 {2},
  pages = 	 {169--177}
}

@Article{Amos90a,
  author = 	 {Amos, D. E.},
  title = 	 {Algorithm 683 A portable {FORTRAN} subroutine for exponential integrals of a complex argument},
  journal = 	 toms,
  year = 	 {1990},
  volume = 	 {16},
  number = 	 {2},
  pages = 	 {178--182}
}

@article{Gautschi79,
author  = "Gautschi, W.",
title   = "A computational procedure for incomplete gamma functions",
journal = toms,
volume  = "5", 
number  = "4",
pages   = "466--481",
year    ="1979"
}

@article{Gautschi99,
author  = "Gautschi, W.",
title   = "A note on the recursive calculation of incomplete gamma functions ",
journal = toms,
volume  = "25", 
number  = "1",
pages   = "101--107",
year    ="1999"
}

@article{Guseinov04,
title   = {Evaluation of incomplete gamma functions using downward recursion and analytical relations},
author  = {Guseinov, I. I. and Mamedov, B. A.},
journal = jmchem,
volume  = {36},
number  = {4},
pages   = {341--346},
year    = {2004}
}

@article{Guseinov07,
title   = {Unified treatment for the evaluation of generalized complete and incomplete gamma functions},
author  = {Guseinov, I. I. and Mamedov, B. A.},
journal = jcam,
volume  = {202},
pages   = {435--439},
year    = {2007}
}


@InProceedings{Harrison09,
  author = 	 {Harrison, J.},
  title = 	 {Fast and Accurate {B}essel Function Computation},
  booktitle = {Proceedings of ARITH-19},
  pages = 	 {104--113},
  year = 	 {2009},
  publisher = {IEEE Computer Society Press}
}

@article{Poppe90,
title   = {More Efficient Computation of the Complex Error Function},
author  = {Poppe, G. and Wijers, C. M.},
journal = toms,
volume  = {16},
number  = {1},
year    = {1990}
}

@unpublished{Thompson11b,
title   = {Computation of incomplete gamma functions with negative arguments},
author  = {Thompson, I.},
year    = {2011},
note    = {Submitted for consideration with this code}
}

@InProceedings{Winitzki03,
  author    = "Winitzki, S.",
  title     = "Computing the incomplete gamma function to arbitrary precision",
  booktitle = "Computational Science and its Applications --- ICCSA 2003",
  pages     = "790--798",
  year      = "2003",
  volume    = "2667",
  series    = "Lecture notes in computer science",
  publisher = "Springer--Verlag, Berlin"
}

%Other

@techreport{IEEE754,
    address = {3 Park Avenue, New York, NY 10016-5997, USA},
    booktitle = {IEEE Std 754-2008},
    doi = {10.1109/IEEESTD.2008.4610935},
    institution = {Microprocessor Standards Committee of the IEEE Computer Society},
    isbn = {978-0-7381-5752-8},
    journal = {IEEE Std 754-2008},
    month = aug,
    organization = {Microprocessor Standards Committee of the IEEE Computer Society},
    pages = {1--58},
    posted-at = {2009-08-01 03:34:26},
    priority = {2},
    publisher = {The Institute of Electrical and Electronics Engineers, Inc.},
    title = {{IEEE Standard for Floating-Point Arithmetic}},
    url = {http://dx.doi.org/10.1109/IEEESTD.2008.4610935},
    year = {2008}
}

@Book{Cuyt08,
  author = {Cuyt, A. and Petersen. V. and Verdonk, B. and Waadeland, H. and Jones, W.},
  title = 	 {Handbook of continued fractions for special functions},
  publisher = 	 {Springer},
  year = 	 {2008}
}

@Article{Deano10,
  author = 	 {{Dean\~o}, A. and Temme, N. M.},
  title = 	 {Analytical and numerical aspects of a generalization of the complementary error function},
  journal = 	 amc,
  year = 	 {2010},
  volume = 	 {216},
  pages = 	 {3680--3693}
}

@Misc{Gautschi61,
  author = 	 {Gautschi, W.},
  title = 	 {Recursive computation of certain integrals},
  year = 	 {1961}
}

@Article{Gautschi67,
  author = 	 {Gautschi, W.},
  title = 	 {Computational Aspects of Three-Term Recurrence Relations},
  journal = 	 siamr,
  year = 	 {1967},
  volume = 	 {9},
  number = 	 {1},
  pages = 	 {24--82}
}

@Book{Gautschi97,
author = {Gautschi,~W.},
title  = {Numerical Analysis an Introduction},
publisher = {Birkh\"auser},
place  = {Boston},
year   = {1997}
}

@Book{Henrici77,
  author = {Henrici, P.},
  title = 	 {Applied and computational complex analysis},
  publisher = 	 {Wiley},
  year = 	 {1977},
  note = 	 {In 3 volumes}
}

@Book{Luke69,
author    = {Luke, Y. L.},
title     = {The Special Functions and Their Approximations},
publisher = {Academic Press},
year      = {1969},
note      = {In two volumes.}
}

@Book{Luke76,
author = {Luke, Y. L.},
title  = {Mathematical Functions and Their Approximations},
publisher = {Academic Press},
year      = {1976}
}


@Book{Luke77,
author = {Luke, Y. L.},
title  = {Algorithms for the Computation of Mathematical Functions},
publisher = {Academic Press},
year      = {1977}
}



@Book{Muller06,
  author = 	 {Muller, J.-M.},
  title = 	 {Elementary Functions, Algorithms and Implementation},
  publisher = 	 {Birkh{\"a}user},
  year     = {2006},
  edition = 	 {second}
}

@inproceedings{Lozier95,
	Author = {Lozier, D. W. and Olver, F. W. J.},
	Booktitle = {Mathematics of Computation 1943--1993: A half-century of computational mathematics},
	Date-Added = {2007-08-31 12:52:47 +0100},
	Date-Modified = {2007-08-31 12:52:47 +0100},
	Editor = {Gautschi, W.},
	Publisher = {American Mathematical Society},
	Title = {Numerical evaluation of special functions},
	Year = 1995}

@InBook{Miller52,
  author = 	 {Miller, J. C. P.},
  title = 	 {Mathematical tables},
  chapter = 	 {?:\ Bessel functions},
  publisher = 	 {Cambridge University Press},
  year = 	 {1952},
  volume = 	 {2},
}

@Book{Sterbenz74,
  author = {Sterbenz, P. H.},
  title  = {Floating-point computation},
  publisher = {Prentice--Hall, New Jersey},
  year   = {1974}
}


@article{Goldberg91,
  author  = 	 {Goldberg, D.},
  title   = 	 {What Every Computer Scientist Should Know About Floating-Point Arithmetic},
  journal =      {ACM Computing Surveys},
  volume  =      {23},
  issue   =      {1},
  pages   =      {5--48},
  year    = 	 {1991}
}


@TechReport{sunmicros92,
  author = 	 {},
  title = 	 {What Every Computer Scientist Should Know About Floating-Point Arithmetic},
  institution =  {Sun Microsystems},
  year = 	 {1992}
}

@book{vanderLaan84,
author = {{v}an {d}er Laan, C. G. and Temme, N. M.},
title  = {Calculation of special functions:\ the gamma function, the exponential integrals and error-like functions},
publisher = {Centrum voor Wiskunde en Informatica},
year      = {1984}
}
