% This file was created with JabRef 2.7b.
% Encoding: UTF-8

@ARTICLE{ADGP_Pascal,
  author = {P. Alonso and J. Delgado and R. Gallego and J. M. Pe{\~n}a},
  title = {Conditioning and accurate computations with Pascal matrices},
  journal = {Journal of Computational and Applied Mathematics},
  year = {2013},
  volume = {252},
  pages = {21-26},
  doi = {10.1016/j.cam.2011.12.007},
  owner = {jorge},
  timestamp = {2013.02.11}
}

@ARTICLE{ADGP_Pascal2,
  author = {P. Alonso and J. Delgado and R. Gallego and J. M. Pe{\~n}a},
  title = {Conditioning and accurate computations with Pascal matrices},
  journal = {Journal of Computational and Applied Mathematics},
  year = {2013},
  volume = {252},
  pages = {21-26},
  owner = {jorge},
  timestamp = {2013.02.11}
}

@ARTICLE{Ando,
  author = {T. Ando},
  title = {Totally positive matrices},
  journal = {Linear Algebra and its Applications},
  year = {1987},
  volume = {90},
  pages = {165--219},
  owner = {jorge},
  timestamp = {2013.02.11}
}

@ARTICLE{Dekker,
  author = {T. J. Dekker},
  title = {A floating-point technique for extending the available precision},
  journal = {Numerische Mathematik},
  year = {1971},
  volume = {18},
  pages = {224--242},
  owner = {jorge},
  timestamp = {2013.02.11}
}

@ARTICLE{SIAM,
  author = {J. Delgado and J. M. Pe{\~n}a},
  title = {Running Relative Error for the Evaluation of Polynomials},
  journal = {SIAM Journal on Scientific Computing},
  year = {2009},
  volume = {31},
  pages = {3905--3921},
  owner = {jorge},
  timestamp = {2013.02.11}
}

@ARTICLE{DP2,
  author = {J. Delgado and J. M. Pe{\~n}a},
  title = {Error Analysis of an Effient Alternative to the De Casteljau Algorithm},
  journal = {International Journal of Computer Graphics and CAD/CAM},
  year = {2006},
  volume = {1},
  pages = {1--15},
  owner = {jorge},
  timestamp = {2013.02.11}
}

@ARTICLE{DP,
  author = {J. Delgado and J. M. Pe{\~n}a},
  title = {A shape preserving representation with an evaluation algorithm of
	linear complexity},
  journal = {Computer Aided Geometric Design},
  year = {2003},
  volume = {20},
  pages = {1--10},
  owner = {jorge},
  timestamp = {2013.02.11}
}

@ARTICLE{3,
  author = {J. Demmel and M. Gu, and S. Eisenstat and I. Slapni{\v{c}}ar and
	K. Veseli{\'c} and Z. Drma{\v{c}}},
  title = {Computing the singular value decomposition with high relative accuracy},
  journal = {Linear Algebra Appl.},
  year = {1999},
  volume = {299},
  pages = {21--80},
  number = {1-3},
  coden = {LAAPAW},
  doi = {10.1016/S0024-3795(99)00134-2},
  fjournal = {Linear Algebra and its Applications},
  issn = {0024-3795},
  mrclass = {65F15 (15A18 65G99)},
  mrnumber = {1723709 (2000j:65044)},
  mrreviewer = {Jan Z{\'{\i}}tko},
  url = {http://dx.doi.org/10.1016/S0024-3795(99)00134-2}
}

@BOOK{farin,
  title = {Curves and Surfaces for Computer Aided Geometric Design},
  publisher = {Academic Press, Inc., San Diego, CA},
  year = {2002},
  author = {G. Farin},
  edition = {Fifth},
  owner = {jorge},
  timestamp = {2013.02.11}
}

@ARTICLE{Far-Ber,
  author = {R. T. Farouki},
  title = {The Bernstein polynomial basis: A centennial retrospective},
  journal = {Computer Aided Geometric Design},
  year = {2012},
  volume = {29},
  pages = {379-419},
  owner = {jorge},
  timestamp = {2013.03.13}
}

@ARTICLE{F-G,
  author = {R. T. Farouki and T. N. T. Goodman},
  title = {On the optimal stability of the Bernstein basis},
  journal = {Mathematics of Computation},
  year = {1996},
  volume = {65},
  pages = {1553--1566},
  owner = {jorge},
  timestamp = {2013.02.11}
}

@ARTICLE{F-R88,
  author = {R. T. Farouki and V. T. Rajan},
  title = {Algorithms for polynomials in Bernstein form},
  journal = {Computer Aided Geometric Design},
  year = {1988},
  volume = {5},
  pages = {1--26},
  owner = {jorge},
  timestamp = {2013.02.11}
}

@ARTICLE{F-R87,
  author = {R. T. Farouki and V. T. Rajan},
  title = {On the numerical condition of polynomials in Bernstein form},
  journal = {Computer Aided Geometric Design},
  year = {1987},
  volume = {4},
  pages = {191--216},
  owner = {jorge},
  timestamp = {2013.02.11}
}

@INBOOK{fact,
  chapter = {On factorizations of totally positive matrices},
  pages = {109--130},
  title = {Total Positivity and Its Applications},
  publisher = {Kluver Academic Publishers, Dordrecht, The Netherlands},
  year = {1996},
  editor = {M. Gasca and C. A. Micchelli},
  author = {M. Gasca and J. M. Pe{\~n}a},
  owner = {jorge},
  timestamp = {2013.02.11}
}

@ARTICLE{amd,
  author = {M. Gasca and J. M. Pe{\~n}a},
  title = {A matricial description of Neville elimination with applications
	to total positivity},
  journal = {Linear Algebra and its Applications},
  year = {1994},
  volume = {202},
  pages = {33--53},
  owner = {jorge},
  timestamp = {2013.02.11}
}

@ARTICLE{TPandNE,
  author = {M. Gasca and J. M. Pe{\~n}a},
  title = {Total positivity and Neville Elimination},
  journal = {Linear Algebra and its Applications},
  year = {1992},
  volume = {165},
  pages = {25--44},
  owner = {jorge},
  timestamp = {2013.02.11}
}

@BOOK{HIG,
  title = {Accuracy and Stability of Numerical Algorithms},
  publisher = {SIAM, Philadelphia},
  year = {2002},
  author = {N. J. Higham},
  edition = {Second},
  owner = {jorge},
  timestamp = {2013.02.11}
}

@ARTICLE{CastComp,
  author = {H. Jiang and S. Li and L. Cheng and F. Su},
  title = {Accurate evaluation of a polynomial and its derivative in Bernstein
	form},
  journal = {Computers \& Mathematics with Applications},
  year = {2010},
  volume = {60},
  pages = {744--755},
  owner = {jorge},
  timestamp = {2013.02.11}
}

@BOOK{Knuth,
  title = {The Art of Computer Programming: Seminumerical Algorithms, volume
	2},
  publisher = {Addison-Wesley, Reading, MA, USA},
  year = {1998},
  author = {D. E. Knuth},
  edition = {Third},
  owner = {jorge},
  timestamp = {2013.02.11}
}

@ELECTRONIC{KoevSoft,
  author = {P. Koev},
  year = {2013},
  url = {http://math.mit.edu/~plamen/software/TNTool.html},
  owner = {jorge},
  timestamp = {2013.02.11}
}

@ARTICLE{Koev1,
  author = {P. Koev},
  title = {Accurate Computations with totally nonnegative matrices},
  journal = {SIAM Journal on Matrix Analysis and Applications},
  year = {2007},
  volume = {29},
  pages = {731--751},
  owner = {jorge},
  timestamp = {2013.02.11}
}

@ARTICLE{Koev2,
  author = {P. Koev},
  title = {Accurate Eigenvalues and SVDs of Totally Nonnegative Matrices},
  journal = {SIAM Journal on Matrix Analysis and Applications},
  year = {2005},
  volume = {27},
  pages = {1-23},
  owner = {jorge},
  timestamp = {2013.03.15}
}

@INPROCEEDINGS{HornerComp,
  author = {PH. Langlois and N. Louvet},
  title = {How to Ensure a Faithful Polynomial Evaluation with the Compensated
	Horner Algorithm},
  booktitle = {ARITH '07 Proceedings of the 18th IEEE Symposium on Computer Arithmetic},
  year = {2007},
  pages = {141--149},
  owner = {jorge},
  timestamp = {2013.02.11}
}

@TECHREPORT{CHS,
  author = {PH. Langlois and N. Louvet and S. Graillat},
  title = {Compensated Horner Scheme},
  institution = {Universit{\'e} de Perpignan Via Domitia},
  year = {2005},
  number = {RR2005-04},
  owner = {jorge},
  timestamp = {2013.02.11}
}

@PHDTHESIS{thesis.Louvet,
  author = {N. Louvet},
  title = {Algorithmes compens{\'e}s en arithm{\'e}tique flottante: pr{\'e}cision,
	validation, performances},
  year = {2007},
  owner = {jorge},
  timestamp = {2013.02.11}
}

@ARTICLE{LY-PE,
  author = {T. Lyche and J. M. Pe{\~n}a},
  title = {Optimally stable multivariate bases},
  journal = {Advances in Computational Mathematics},
  year = {2004},
  volume = {20},
  pages = {149--159},
  owner = {jorge},
  timestamp = {2013.02.11}
}

@ARTICLE{MA-PE,
  author = {E. Mainar and J. M. Pe{\~n}a},
  title = {Error analysis of corner cutting algorithms},
  journal = {Numerical Algorithms},
  year = {1999},
  volume = {22},
  pages = {41--52},
  owner = {jorge},
  timestamp = {2013.02.11}
}

@ARTICLE{Marco_Matri,
  author = {A. Marco and J. J. Mart{\'i}nez},
  title = {A fast and accurate algorithm for solving Bernstein-Vandermonde linear
	systems},
  journal = {Linear Algebra and its Applications},
  year = {2007},
  volume = {422},
  pages = {616--628},
  owner = {jorge},
  timestamp = {2013.02.11}
}

@ARTICLE{Rump,
  author = {T. Ogita and S. M. Rump and S. Oishi},
  title = {Accurate Sum and Dot Product},
  journal = {SIAM Journal on Scientific Computing},
  year = {2005},
  volume = {26},
  pages = {1955--1988},
  owner = {jorge},
  timestamp = {2013.02.11}
}

@ARTICLE{UNI2,
  author = {J. M. Pe{\~n}a},
  title = {A note on the optimal stability of bases of univariate functions},
  journal = {Numerische Mathematik},
  year = {2006},
  volume = {103},
  pages = {151--154},
  owner = {jorge},
  timestamp = {2013.02.11}
}

@ARTICLE{UNI,
  author = {J. M. Pe{\~n}a},
  title = {On the optimal stability of bases of univariate functions},
  journal = {Numerische Mathematik},
  year = {2002},
  volume = {91},
  pages = {305--318},
  owner = {jorge},
  timestamp = {2013.02.11}
}

@ARTICLE{optB,
  author = {J. M. Pe{\~n}a and J. M. Carnicer},
  title = {Shape preserving representations and optimality of the Bernstein
	basis},
  journal = {Advances in Computational Mathematics},
  year = {1993},
  volume = {1},
  pages = {173--196},
  owner = {jorge},
  timestamp = {2013.02.11}
}

@BOOK{DivRem,
  title = {Ing{\'e}nierie du contr\^ole de la pr{\'e}cision des calculs sur
	ordinateur},
  publisher = {Editions Technip},
  year = {1993},
  author = {M. Pichat and J. Vignes},
  owner = {jorge},
  timestamp = {2013.12.13}
}

@ARTICLE{VS,
  author = {L. L. Schumaker and W. Volk},
  title = {Efficient evaluation of multivariate polynomials},
  journal = {Computer Aided Geometric Design},
  year = {1986},
  volume = {3},
  pages = {149--154},
  owner = {jorge},
  timestamp = {2013.02.11}
}

@ARTICLE{S-R,
  author = {J. S{\'a}nchez-Reyes},
  title = {Algebraic manipulation in the Bernstein form made simple via convolutions},
  journal = {Computer-Aided Design},
  year = {2003},
  volume = {35},
  pages = {959--967},
  owner = {jorge},
  timestamp = {2013.02.11}
}

@ARTICLE{BPOLY,
  author = {Y. F. Tsai and R. T. Farouki},
  title = {Algorithm 812: BPOLY: An Object-Oriented Library of Numerical Algorithms
	for Polynomials in Bernstein Form},
  journal = {ACM Transactions on Mathematical Software},
  year = {2001},
  volume = {27},
  pages = {267--296},
  owner = {jorge},
  timestamp = {2013.02.11}
}

@comment{jabref-meta: selector\_journal:}

@comment{jabref-meta: selector\_publisher:}

@comment{jabref-meta: selector\_author:}

@comment{jabref-meta: selector\_keywords:}

