


%
%
%
% automatically generated
% % /proj/epidaure/home/bin/bibtex2html /user/teillaud/home/laptop/CGAL/branch/Manual/doc_tex/Manual/manual-3.3.bib
% Date: Fri May 18 17:19:06 2007

% Author: teillaud
%
%
%










@MANUAL{cgal:eb-07,
   TITLE        = {CGAL User and Reference Manual},
   AUTHOR       = {CGAL Editorial Board},
   EDITION      = {3.3},
   YEAR         = {2007},
   URL          = {http://www.cgal.org/Manual/3.3/doc_html/cgal_manual/packages.html}
}

@INCOLLECTION{cgal:bfghhkps-gk23-07,
   AUTHOR       = {Hervé Brönnimann and Andreas Fabri and 
      Geert-Jan Giezeman and Susan Hert and Michael Hoffmann and 
      Lutz Kettner and Stefan Schirra and Sylvain Pion},
   BOOKTITLE    = {CGAL User and Reference Manual},
   PUBLISHER    = {},
   TITLE        = {2D and 3D Geometry Kernel},
   YEAR         = {2007},
   EDITION      = {3.3},
   EDITOR       = {CGAL Editorial Board},
   URL          = {http://www.cgal.org/Manual/3.3/doc_html/cgal_manual/packages.html#Pkg:Kernel23}
}

@INCOLLECTION{cgal:s-gkd-07,
   AUTHOR       = {Michael Seel},
   BOOKTITLE    = {CGAL User and Reference Manual},
   PUBLISHER    = {},
   TITLE        = {dD Geometry Kernel},
   YEAR         = {2007},
   EDITION      = {3.3},
   EDITOR       = {CGAL Editorial Board},
   URL          = {http://www.cgal.org/Manual/3.3/doc_html/cgal_manual/packages.html#Pkg:Kerneld}
}

@INCOLLECTION{cgal:pt-cgk2-07,
   AUTHOR       = {Sylvain Pion and Monique Teillaud},
   BOOKTITLE    = {CGAL User and Reference Manual},
   PUBLISHER    = {},
   TITLE        = {2D Circular Geometry Kernel},
   YEAR         = {2007},
   EDITION      = {3.3},
   EDITOR       = {CGAL Editorial Board},
   URL          = {http://www.cgal.org/Manual/3.3/doc_html/cgal_manual/packages.html#Pkg:CircularKernel2}
}

@INCOLLECTION{cgal:h-af-07,
   AUTHOR       = {Michael Hemmer},
   BOOKTITLE    = {CGAL User and Reference Manual},
   PUBLISHER    = {},
   TITLE        = {Algebraic Foundations},
   YEAR         = {2007},
   EDITION      = {3.3},
   EDITOR       = {CGAL Editorial Board},
   URL          = {http://www.cgal.org/Manual/3.3/doc_html/cgal_manual/packages.html#Pkg:AlgebraicFoundations}
}

@INCOLLECTION{cgal:hs-chep2-07,
   AUTHOR       = {Susan Hert and Stefan Schirra},
   BOOKTITLE    = {CGAL User and Reference Manual},
   PUBLISHER    = {},
   TITLE        = {2D Convex Hulls and Extreme Points},
   YEAR         = {2007},
   EDITION      = {3.3},
   EDITOR       = {CGAL Editorial Board},
   URL          = {http://www.cgal.org/Manual/3.3/doc_html/cgal_manual/packages.html#Pkg:ConvexHull2}
}

@INCOLLECTION{cgal:hs-ch3-07,
   AUTHOR       = {Susan Hert and Stefan Schirra},
   BOOKTITLE    = {CGAL User and Reference Manual},
   PUBLISHER    = {},
   TITLE        = {3D Convex Hulls},
   YEAR         = {2007},
   EDITION      = {3.3},
   EDITOR       = {CGAL Editorial Board},
   URL          = {http://www.cgal.org/Manual/3.3/doc_html/cgal_manual/packages.html#Pkg:ConvexHull3}
}

@INCOLLECTION{cgal:gw-p2-07,
   AUTHOR       = {Geert-Jan Giezeman and Wieger Wesselink},
   BOOKTITLE    = {CGAL User and Reference Manual},
   PUBLISHER    = {},
   TITLE        = {2D Polygons},
   YEAR         = {2007},
   EDITION      = {3.3},
   EDITOR       = {CGAL Editorial Board},
   URL          = {http://www.cgal.org/Manual/3.3/doc_html/cgal_manual/packages.html#Pkg:Polygon2}
}

@INCOLLECTION{cgal:h-pp2-07,
   AUTHOR       = {Susan Hert},
   BOOKTITLE    = {CGAL User and Reference Manual},
   PUBLISHER    = {},
   TITLE        = {2D Polygon Partitioning},
   YEAR         = {2007},
   EDITION      = {3.3},
   EDITOR       = {CGAL Editorial Board},
   URL          = {http://www.cgal.org/Manual/3.3/doc_html/cgal_manual/packages.html#Pkg:PolygonPartitioning2}
}

@INCOLLECTION{cgal:hs-chdt3-07,
   AUTHOR       = {Susan Hert and Michael Seel},
   BOOKTITLE    = {CGAL User and Reference Manual},
   PUBLISHER    = {},
   TITLE        = {dD Convex Hulls and Delaunay Triangulations},
   YEAR         = {2007},
   EDITION      = {3.3},
   EDITOR       = {CGAL Editorial Board},
   URL          = {http://www.cgal.org/Manual/3.3/doc_html/cgal_manual/packages.html#Pkg:ConvexHullD}
}

@INCOLLECTION{cgal:k-ps-07,
   AUTHOR       = {Lutz Kettner},
   BOOKTITLE    = {CGAL User and Reference Manual},
   PUBLISHER    = {},
   TITLE        = {3D Polyhedral Surfaces},
   YEAR         = {2007},
   EDITION      = {3.3},
   EDITOR       = {CGAL Editorial Board},
   URL          = {http://www.cgal.org/Manual/3.3/doc_html/cgal_manual/packages.html#Pkg:Polyhedron}
}

@INCOLLECTION{cgal:k-hds-07,
   AUTHOR       = {Lutz Kettner},
   BOOKTITLE    = {CGAL User and Reference Manual},
   PUBLISHER    = {},
   TITLE        = {Halfedge Data Structures},
   YEAR         = {2007},
   EDITION      = {3.3},
   EDITOR       = {CGAL Editorial Board},
   URL          = {http://www.cgal.org/Manual/3.3/doc_html/cgal_manual/packages.html#Pkg:HDS}
}

@INCOLLECTION{cgal:fwzh-rbso2-07,
   AUTHOR       = {Efi Fogel and Ron Wein and Baruch Zukerman and 
      Dan Halperin},
   BOOKTITLE    = {CGAL User and Reference Manual},
   PUBLISHER    = {},
   TITLE        = {2D Regularized Boolean Set-Operations},
   YEAR         = {2007},
   EDITION      = {3.3},
   EDITOR       = {CGAL Editorial Board},
   URL          = {http://www.cgal.org/Manual/3.3/doc_html/cgal_manual/packages.html#Pkg:BooleanSetOperations2}
}

@INCOLLECTION{cgal:w-ms2-07,
   AUTHOR       = {Ron Wein},
   BOOKTITLE    = {CGAL User and Reference Manual},
   PUBLISHER    = {},
   TITLE        = {2D Minkowski Sums},
   YEAR         = {2007},
   EDITION      = {3.3},
   EDITOR       = {CGAL Editorial Board},
   URL          = {http://www.cgal.org/Manual/3.3/doc_html/cgal_manual/packages.html#Pkg:MinkowskiSum2}
}

@INCOLLECTION{cgal:s-bonp2-07,
   AUTHOR       = {Michael Seel},
   BOOKTITLE    = {CGAL User and Reference Manual},
   PUBLISHER    = {},
   TITLE        = {2D Boolean Operations on Nef Polygons},
   YEAR         = {2007},
   EDITION      = {3.3},
   EDITOR       = {CGAL Editorial Board},
   URL          = {http://www.cgal.org/Manual/3.3/doc_html/cgal_manual/packages.html#Pkg:Nef2}
}

@INCOLLECTION{cgal:hk-bonpes2-07,
   AUTHOR       = {Peter Hachenberger and Lutz Kettner},
   BOOKTITLE    = {CGAL User and Reference Manual},
   PUBLISHER    = {},
   TITLE        = {2D Boolean Operations on Nef Polygons Embedded on the 
      Sphere},
   YEAR         = {2007},
   EDITION      = {3.3},
   EDITOR       = {CGAL Editorial Board},
   URL          = {http://www.cgal.org/Manual/3.3/doc_html/cgal_manual/packages.html#Pkg:NefS2}
}

@INCOLLECTION{cgal:hk-bonp3-07,
   AUTHOR       = {Peter Hachenberger and Lutz Kettner},
   BOOKTITLE    = {CGAL User and Reference Manual},
   PUBLISHER    = {},
   TITLE        = {3D Boolean Operations on Nef Polyhedra},
   YEAR         = {2007},
   EDITION      = {3.3},
   EDITOR       = {CGAL Editorial Board},
   URL          = {http://www.cgal.org/Manual/3.3/doc_html/cgal_manual/packages.html#Pkg:Nef3}
}

@INCOLLECTION{cgal:c-sspo2-07,
   AUTHOR       = {Fernando Cacciola},
   BOOKTITLE    = {CGAL User and Reference Manual},
   PUBLISHER    = {},
   TITLE        = {2D Straight Skeleton and Polygon Offsetting},
   YEAR         = {2007},
   EDITION      = {3.3},
   EDITOR       = {CGAL Editorial Board},
   URL          = {http://www.cgal.org/Manual/3.3/doc_html/cgal_manual/packages.html#Pkg:StraightSkeleton2}
}

@INCOLLECTION{cgal:wfzh-a2-07,
   AUTHOR       = {Ron Wein and Efi Fogel and Baruch Zukerman and 
      Dan Halperin},
   BOOKTITLE    = {CGAL User and Reference Manual},
   PUBLISHER    = {},
   TITLE        = {2D Arrangements},
   YEAR         = {2007},
   EDITION      = {3.3},
   EDITOR       = {CGAL Editorial Board},
   URL          = {http://www.cgal.org/Manual/3.3/doc_html/cgal_manual/packages.html#Pkg:Arrangement2}
}

@INCOLLECTION{cgal:wfz-ic2-07,
   AUTHOR       = {Ron Wein and Efi Fogel and Baruch Zukerman},
   BOOKTITLE    = {CGAL User and Reference Manual},
   PUBLISHER    = {},
   TITLE        = {2D Intersection of Curves},
   YEAR         = {2007},
   EDITION      = {3.3},
   EDITOR       = {CGAL Editorial Board},
   URL          = {http://www.cgal.org/Manual/3.3/doc_html/cgal_manual/packages.html#Pkg:IntersectionOfCurves2}
}

@INCOLLECTION{cgal:p-sr2-07,
   AUTHOR       = {Eli Packer},
   BOOKTITLE    = {CGAL User and Reference Manual},
   PUBLISHER    = {},
   TITLE        = {2D Snap Rounding},
   YEAR         = {2007},
   EDITION      = {3.3},
   EDITOR       = {CGAL Editorial Board},
   URL          = {http://www.cgal.org/Manual/3.3/doc_html/cgal_manual/packages.html#Pkg:SnapRounding2}
}

@INCOLLECTION{cgal:w-e2-07,
   AUTHOR       = {Ron Wein},
   BOOKTITLE    = {CGAL User and Reference Manual},
   PUBLISHER    = {},
   TITLE        = {2D Envelopes},
   YEAR         = {2007},
   EDITION      = {3.3},
   EDITOR       = {CGAL Editorial Board},
   URL          = {http://www.cgal.org/Manual/3.3/doc_html/cgal_manual/packages.html#Pkg:Envelope2}
}

@INCOLLECTION{cgal:mwz-e3-07,
   AUTHOR       = {Michal Meyerovitch and Ron Wein and Baruch Zukerman},
   BOOKTITLE    = {CGAL User and Reference Manual},
   PUBLISHER    = {},
   TITLE        = {3D Envelopes},
   YEAR         = {2007},
   EDITION      = {3.3},
   EDITOR       = {CGAL Editorial Board},
   URL          = {http://www.cgal.org/Manual/3.3/doc_html/cgal_manual/packages.html#Pkg:Envelope3}
}

@INCOLLECTION{cgal:y-t2-07,
   AUTHOR       = {Mariette Yvinec},
   BOOKTITLE    = {CGAL User and Reference Manual},
   PUBLISHER    = {},
   TITLE        = {2D Triangulations},
   YEAR         = {2007},
   EDITION      = {3.3},
   EDITOR       = {CGAL Editorial Board},
   URL          = {http://www.cgal.org/Manual/3.3/doc_html/cgal_manual/packages.html#Pkg:Triangulation2}
}

@INCOLLECTION{cgal:py-tds2-07,
   AUTHOR       = {Sylvain Pion and Mariette Yvinec},
   BOOKTITLE    = {CGAL User and Reference Manual},
   PUBLISHER    = {},
   TITLE        = {2D Triangulation Data Structure},
   YEAR         = {2007},
   EDITION      = {3.3},
   EDITOR       = {CGAL Editorial Board},
   URL          = {http://www.cgal.org/Manual/3.3/doc_html/cgal_manual/packages.html#Pkg:TDS2}
}

@INCOLLECTION{cgal:pt-t3-07,
   AUTHOR       = {Sylvain Pion and Monique Teillaud},
   BOOKTITLE    = {CGAL User and Reference Manual},
   PUBLISHER    = {},
   TITLE        = {3D Triangulations},
   YEAR         = {2007},
   EDITION      = {3.3},
   EDITOR       = {CGAL Editorial Board},
   URL          = {http://www.cgal.org/Manual/3.3/doc_html/cgal_manual/packages.html#Pkg:Triangulation3}
}

@INCOLLECTION{cgal:pt-tds3-07,
   AUTHOR       = {Sylvain Pion and Monique Teillaud},
   BOOKTITLE    = {CGAL User and Reference Manual},
   PUBLISHER    = {},
   TITLE        = {3D Triangulation Data Structure},
   YEAR         = {2007},
   EDITION      = {3.3},
   EDITOR       = {CGAL Editorial Board},
   URL          = {http://www.cgal.org/Manual/3.3/doc_html/cgal_manual/packages.html#Pkg:TDS3}
}

@INCOLLECTION{cgal:d-as2-07,
   AUTHOR       = {Tran Kai Frank Da},
   BOOKTITLE    = {CGAL User and Reference Manual},
   PUBLISHER    = {},
   TITLE        = {2D Alpha Shapes},
   YEAR         = {2007},
   EDITION      = {3.3},
   EDITOR       = {CGAL Editorial Board},
   URL          = {http://www.cgal.org/Manual/3.3/doc_html/cgal_manual/packages.html#Pkg:AlphaShapes2}
}

@INCOLLECTION{cgal:dy-as3-07,
   AUTHOR       = {Tran Kai Frank Da and Mariette Yvinec},
   BOOKTITLE    = {CGAL User and Reference Manual},
   PUBLISHER    = {},
   TITLE        = {3D Alpha Shapes},
   YEAR         = {2007},
   EDITION      = {3.3},
   EDITOR       = {CGAL Editorial Board},
   URL          = {http://www.cgal.org/Manual/3.3/doc_html/cgal_manual/packages.html#Pkg:AlphaShapes3}
}

@INCOLLECTION{cgal:k-sdg2-07,
   AUTHOR       = {Menelaos Karavelas},
   BOOKTITLE    = {CGAL User and Reference Manual},
   PUBLISHER    = {},
   TITLE        = {2D Segment Delaunay Graphs},
   YEAR         = {2007},
   EDITION      = {3.3},
   EDITOR       = {CGAL Editorial Board},
   URL          = {http://www.cgal.org/Manual/3.3/doc_html/cgal_manual/packages.html#Pkg::SegmentDelaunayGraph2}
}

@INCOLLECTION{cgal:ky-ag2-07,
   AUTHOR       = {Menelaos Karavelas and Mariette Yvinec},
   BOOKTITLE    = {CGAL User and Reference Manual},
   PUBLISHER    = {},
   TITLE        = {2D Apollonius Graphs (Delaunay Graphs of Disks)},
   YEAR         = {2007},
   EDITION      = {3.3},
   EDITOR       = {CGAL Editorial Board},
   URL          = {http://www.cgal.org/Manual/3.3/doc_html/cgal_manual/packages.html#Pkg::ApolloniusGraph2}
}

@INCOLLECTION{cgal:k-vda2-07,
   AUTHOR       = {Menelaos Karavelas},
   BOOKTITLE    = {CGAL User and Reference Manual},
   PUBLISHER    = {},
   TITLE        = {2D Voronoi Diagram Adaptor},
   YEAR         = {2007},
   EDITION      = {3.3},
   EDITOR       = {CGAL Editorial Board},
   URL          = {http://www.cgal.org/Manual/3.3/doc_html/cgal_manual/packages.html#Pkg:VoronoiDiagram2}
}

@INCOLLECTION{cgal:r-ctm2-07,
   AUTHOR       = {Laurent Rineau},
   BOOKTITLE    = {CGAL User and Reference Manual},
   PUBLISHER    = {},
   TITLE        = {2D Conforming Triangulations and Meshes},
   YEAR         = {2007},
   EDITION      = {3.3},
   EDITOR       = {CGAL Editorial Board},
   URL          = {http://www.cgal.org/Manual/3.3/doc_html/cgal_manual/packages.html#Pkg:Mesh2}
}

@INCOLLECTION{cgal:ry-smg-07,
   AUTHOR       = {Laurent Rineau and Mariette Yvinec},
   BOOKTITLE    = {CGAL User and Reference Manual},
   PUBLISHER    = {},
   TITLE        = {3D Surface Mesh Generation},
   YEAR         = {2007},
   EDITION      = {3.3},
   EDITOR       = {CGAL Editorial Board},
   URL          = {http://www.cgal.org/Manual/3.3/doc_html/cgal_manual/packages.html#Pkg:SurfaceMesher3}
}

@INCOLLECTION{cgal:k-ssm3-07,
   AUTHOR       = {Nico Kruithof},
   BOOKTITLE    = {CGAL User and Reference Manual},
   PUBLISHER    = {},
   TITLE        = {3D Skin Surface Meshing},
   YEAR         = {2007},
   EDITION      = {3.3},
   EDITOR       = {CGAL Editorial Board},
   URL          = {http://www.cgal.org/Manual/3.3/doc_html/cgal_manual/packages.html#Pkg:SkinSurface3}
}

@INCOLLECTION{cgal:s-ssm2-07,
   AUTHOR       = {Le-Jeng Andy Shiue},
   BOOKTITLE    = {CGAL User and Reference Manual},
   PUBLISHER    = {},
   TITLE        = {3D Surface Subdivision Methods},
   YEAR         = {2007},
   EDITION      = {3.3},
   EDITOR       = {CGAL Editorial Board},
   URL          = {http://www.cgal.org/Manual/3.3/doc_html/cgal_manual/packages.html#Pkg:SurfaceSubdivisionMethods3}
}

@INCOLLECTION{cgal:c-tsms-07,
   AUTHOR       = {Fernando Cacciola},
   BOOKTITLE    = {CGAL User and Reference Manual},
   PUBLISHER    = {},
   TITLE        = {Triangulated Surface Mesh Simplification},
   YEAR         = {2007},
   EDITION      = {3.3},
   EDITOR       = {CGAL Editorial Board},
   URL          = {http://www.cgal.org/Manual/3.3/doc_html/cgal_manual/packages.html#Pkg:SurfaceMeshSimplification}
}

@INCOLLECTION{cgal:sal-pptsm2-07,
   AUTHOR       = {Laurent Saboret and Pierre Alliez and Bruno Lévy},
   BOOKTITLE    = {CGAL User and Reference Manual},
   PUBLISHER    = {},
   TITLE        = {Planar Parameterization of Triangulated Surface Meshes},
   YEAR         = {2007},
   EDITION      = {3.3},
   EDITOR       = {CGAL Editorial Board},
   URL          = {http://www.cgal.org/Manual/3.3/doc_html/cgal_manual/packages.html#Pkg:SurfaceParameterization}
}

@INCOLLECTION{cgal:n-rstd-07,
   AUTHOR       = {Gabriele Neyer},
   BOOKTITLE    = {CGAL User and Reference Manual},
   PUBLISHER    = {},
   TITLE        = {dD Range and Segment Trees},
   YEAR         = {2007},
   EDITION      = {3.3},
   EDITOR       = {CGAL Editorial Board},
   URL          = {http://www.cgal.org/Manual/3.3/doc_html/cgal_manual/packages.html#Pkg:RangeSegmentTreesD}
}

@INCOLLECTION{cgal:f-isl-07,
   AUTHOR       = {Andreas Fabri},
   BOOKTITLE    = {CGAL User and Reference Manual},
   PUBLISHER    = {},
   TITLE        = {Interval Skip List},
   YEAR         = {2007},
   EDITION      = {3.3},
   EDITOR       = {CGAL Editorial Board},
   URL          = {http://www.cgal.org/Manual/3.3/doc_html/cgal_manual/packages.html#Pkg:IntervalSkipList}
}

@INCOLLECTION{cgal:tf-ssd-07,
   AUTHOR       = {Hans Tangelder and Andreas Fabri},
   BOOKTITLE    = {CGAL User and Reference Manual},
   PUBLISHER    = {},
   TITLE        = {dD Spatial Searching},
   YEAR         = {2007},
   EDITION      = {3.3},
   EDITOR       = {CGAL Editorial Board},
   URL          = {http://www.cgal.org/Manual/3.3/doc_html/cgal_manual/packages.html#Pkg:SpatialSearchingD}
}

@INCOLLECTION{cgal:kmz-isiobd-07,
   AUTHOR       = {Lutz Kettner and Andreas Meyer and Afra Zomorodian},
   BOOKTITLE    = {CGAL User and Reference Manual},
   PUBLISHER    = {},
   TITLE        = {Intersecting Sequences of dD Iso-oriented Boxes},
   YEAR         = {2007},
   EDITION      = {3.3},
   EDITOR       = {CGAL Editorial Board},
   URL          = {http://www.cgal.org/Manual/3.3/doc_html/cgal_manual/packages.html#Pkg:BoxIntersectionD}
}

@INCOLLECTION{cgal:fghhs-bv-07,
   AUTHOR       = {Kaspar Fischer and Bernd Gärtner and Thomas Herrmann and 
      Michael Hoffmann and Sven Schönherr},
   BOOKTITLE    = {CGAL User and Reference Manual},
   PUBLISHER    = {},
   TITLE        = {Bounding Volumes},
   YEAR         = {2007},
   EDITION      = {3.3},
   EDITOR       = {CGAL Editorial Board},
   URL          = {http://www.cgal.org/Manual/3.3/doc_html/cgal_manual/packages.html#Pkg:BoundedVolumes}
}

@INCOLLECTION{cgal:fgsw-lqps-07,
   AUTHOR       = {Kaspar Fischer and Bernd Gärtner and 
      Sven Schönherr and Frans Wessendorp},
   BOOKTITLE    = {CGAL User and Reference Manual},
   PUBLISHER    = {},
   TITLE        = {Linear and Quadratic Programming Solver},
   YEAR         = {2007},
   EDITION      = {3.3},
   EDITOR       = {CGAL Editorial Board},
   URL          = {http://www.cgal.org/Manual/3.3/doc_html/cgal_manual/packages.html#Pkg:QPSolver}
}

@INCOLLECTION{cgal:hp-ia-07,
   AUTHOR       = {Michael Hoffmann and Eli Packer},
   BOOKTITLE    = {CGAL User and Reference Manual},
   PUBLISHER    = {},
   TITLE        = {Inscribed Areas},
   YEAR         = {2007},
   EDITION      = {3.3},
   EDITOR       = {CGAL Editorial Board},
   URL          = {http://www.cgal.org/Manual/3.3/doc_html/cgal_manual/packages.html#Pkg:InscribedAreas}
}

@INCOLLECTION{cgal:fghhs-od-07,
   AUTHOR       = {Kaspar Fischer and Bernd Gärtner and Thomas Herrmann and 
      Michael Hoffmann and Sven Schönherr},
   BOOKTITLE    = {CGAL User and Reference Manual},
   PUBLISHER    = {},
   TITLE        = {Optimal Distances},
   YEAR         = {2007},
   EDITION      = {3.3},
   EDITOR       = {CGAL Editorial Board},
   URL          = {http://www.cgal.org/Manual/3.3/doc_html/cgal_manual/packages.html#Pkg:OptimalDistances}
}

@INCOLLECTION{cgal:f-i-07,
   AUTHOR       = {Julia Flötotto},
   BOOKTITLE    = {CGAL User and Reference Manual},
   PUBLISHER    = {},
   TITLE        = {Interpolation},
   YEAR         = {2007},
   EDITION      = {3.3},
   EDITOR       = {CGAL Editorial Board},
   URL          = {http://www.cgal.org/Manual/3.3/doc_html/cgal_manual/packages.html#Pkg:Interpolation2}
}

@INCOLLECTION{cgal:ap-pcad-07,
   AUTHOR       = {Pierre Alliez and Sylvain Pion},
   BOOKTITLE    = {CGAL User and Reference Manual},
   PUBLISHER    = {},
   TITLE        = {dD Principal Component Analysis},
   YEAR         = {2007},
   EDITION      = {3.3},
   EDITOR       = {CGAL Editorial Board},
   URL          = {http://www.cgal.org/Manual/3.3/doc_html/cgal_manual/packages.html#Pkg:PrincipalComponentAnalysisD}
}

@INCOLLECTION{cgal:m-ps-07,
   AUTHOR       = {Abdelkrim Mebarki},
   BOOKTITLE    = {CGAL User and Reference Manual},
   PUBLISHER    = {},
   TITLE        = {2D Placement of Streamlines},
   YEAR         = {2007},
   EDITION      = {3.3},
   EDITOR       = {CGAL Editorial Board},
   URL          = {http://www.cgal.org/Manual/3.3/doc_html/cgal_manual/packages.html#Pkg:PlacementOfStreamlines2}
}

@INCOLLECTION{cgal:cp-arutsm-07,
   AUTHOR       = {Frédéric Cazals and Marc Pouget},
   BOOKTITLE    = {CGAL User and Reference Manual},
   PUBLISHER    = {},
   TITLE        = {Approximation of Ridges and Umbilics on Triangulated 
      Surface Meshes},
   YEAR         = {2007},
   EDITION      = {3.3},
   EDITOR       = {CGAL Editorial Board},
   URL          = {http://www.cgal.org/Manual/3.3/doc_html/cgal_manual/packages.html#Pkg:Ridges_3}
}

@INCOLLECTION{cgal:cp-eldp-07,
   AUTHOR       = {Frédéric Cazals and Marc Pouget},
   BOOKTITLE    = {CGAL User and Reference Manual},
   PUBLISHER    = {},
   TITLE        = {Estimation of Local Differential Properties},
   YEAR         = {2007},
   EDITION      = {3.3},
   EDITOR       = {CGAL Editorial Board},
   URL          = {http://www.cgal.org/Manual/3.3/doc_html/cgal_manual/packages.html#Pkg:Jet_fitting_3}
}

@INCOLLECTION{cgal:f-kds-07,
   AUTHOR       = {Daniel Russel},
   BOOKTITLE    = {CGAL User and Reference Manual},
   PUBLISHER    = {},
   TITLE        = {Kinetic Data Structures},
   YEAR         = {2007},
   EDITION      = {3.3},
   EDITOR       = {CGAL Editorial Board},
   URL          = {http://www.cgal.org/Manual/3.3/doc_html/cgal_manual/packages.html#Pkg:Kds}
}

@INCOLLECTION{cgal:f-kdsf-07,
   AUTHOR       = {Daniel Russel},
   BOOKTITLE    = {CGAL User and Reference Manual},
   PUBLISHER    = {},
   TITLE        = {Kinetic Data Structures Framework},
   YEAR         = {2007},
   EDITION      = {3.3},
   EDITOR       = {CGAL Editorial Board},
   URL          = {http://www.cgal.org/Manual/3.3/doc_html/cgal_manual/packages.html#Pkg:KdsFramework}
}

@INCOLLECTION{cgal:cfw-cbgl-07,
   AUTHOR       = {Fernando Cacciola and Andreas Fabri and Ron Wein},
   BOOKTITLE    = {CGAL User and Reference Manual},
   PUBLISHER    = {},
   TITLE        = {CGAL and the Boost Graph Library},
   YEAR         = {2007},
   EDITION      = {3.3},
   EDITOR       = {CGAL Editorial Board},
   URL          = {http://www.cgal.org/Manual/3.3/doc_html/cgal_manual/packages.html#Pkg:BGL}
}

@INCOLLECTION{cgal:d-ss-07,
   AUTHOR       = {Christophe Delage},
   BOOKTITLE    = {CGAL User and Reference Manual},
   PUBLISHER    = {},
   TITLE        = {Spatial Sorting},
   YEAR         = {2007},
   EDITION      = {3.3},
   EDITOR       = {CGAL Editorial Board},
   URL          = {http://www.cgal.org/Manual/3.3/doc_html/cgal_manual/packages.html#Pkg:SpatialSorting}
}

@INCOLLECTION{cgal:h-msms-07,
   AUTHOR       = {Michael Hoffmann},
   BOOKTITLE    = {CGAL User and Reference Manual},
   PUBLISHER    = {},
   TITLE        = {Monotone and Sorted Matrix Search},
   YEAR         = {2007},
   EDITION      = {3.3},
   EDITOR       = {CGAL Editorial Board},
   URL          = {http://www.cgal.org/Manual/3.3/doc_html/cgal_manual/packages.html#Pkg:MatrixSearch}
}

@INCOLLECTION{cgal:hkpw-se-07,
   AUTHOR       = {Michael Hoffmann and Lutz Kettner and Sylvain Pion and 
      and Ron Wein},
   BOOKTITLE    = {CGAL User and Reference Manual},
   PUBLISHER    = {},
   TITLE        = {STL Extensions for CGAL},
   YEAR         = {2007},
   EDITION      = {3.3},
   EDITOR       = {CGAL Editorial Board},
}

@INCOLLECTION{cgal:dksy-hc-07,
   AUTHOR       = {Olivier Devillers and Lutz Kettner and Michael Seel and 
      and Mariette Yvinec},
   BOOKTITLE    = {CGAL User and Reference Manual},
   PUBLISHER    = {},
   TITLE        = {Handles and Circulators},
   YEAR         = {2007},
   EDITION      = {3.3},
   EDITOR       = {CGAL Editorial Board},
}

@INCOLLECTION{cgal:hhks-gos-07,
   AUTHOR       = {Susan Hert and Michael Hoffmann and Lutz Kettner and 
      and Sven Schönherr},
   BOOKTITLE    = {CGAL User and Reference Manual},
   PUBLISHER    = {},
   TITLE        = {Geometric Object Generators},
   YEAR         = {2007},
   EDITION      = {3.3},
   EDITOR       = {CGAL Editorial Board},
}

@INCOLLECTION{cgal:kps-thum-07,
   AUTHOR       = {Lutz Kettner and Sylvain Pion and and Michael Seel},
   BOOKTITLE    = {CGAL User and Reference Manual},
   PUBLISHER    = {},
   TITLE        = {Timers, Hash Map, Union-find, Modifiers},
   YEAR         = {2007},
   EDITION      = {3.3},
   EDITOR       = {CGAL Editorial Board},
}

@INCOLLECTION{cgal:fgk-ios-07,
   AUTHOR       = {Andreas Fabri and Geert-Jan Giezeman and Lutz Kettner},
   BOOKTITLE    = {CGAL User and Reference Manual},
   PUBLISHER    = {},
   TITLE        = {IO Streams},
   YEAR         = {2007},
   EDITION      = {3.3},
   EDITOR       = {CGAL Editorial Board},
}

@INCOLLECTION{cgal:fp-g-07,
   AUTHOR       = {Andreas Fabri and Sylvain Pion},
   BOOKTITLE    = {CGAL User and Reference Manual},
   PUBLISHER    = {},
   TITLE        = {Geomview},
   YEAR         = {2007},
   EDITION      = {3.3},
   EDITOR       = {CGAL Editorial Board},
}

@INCOLLECTION{cgal:ru-qtw-07,
   AUTHOR       = {Laurent Rineau and Radu Ursu},
   BOOKTITLE    = {CGAL User and Reference Manual},
   PUBLISHER    = {},
   TITLE        = {Qt Widget},
   YEAR         = {2007},
   EDITION      = {3.3},
   EDITOR       = {CGAL Editorial Board},
}

