@Article{alleon:precon,
  author = 	 {G. AllÂ´eon and  Michele Benzi and L. Giraud},
  title = 	 {Sparse approximate inverse preconditioning for 
                    dense linear systems 
                      arising in computational electromagnetics},
  journal = 	 {Numerical Algorithms},
  year = 	 {1997},
 volume =       {16},
  pages =        {1-15},
}

@Article{antilla:rcs,  
    author = 	 { G. E. Antilla and  N. G. Alexopoulos},
    title  =      {Scattering from complex three-dimensional
                      geometries by a curvilinear hybrid
                         finite-element-integral equation approach},
    journal = 	 {J. Opt. Soc. Am. A},
    year = 	 {1994},
    volume =       {11},
    pages =        {1445-1457},
}


@Article{bendali:bemfem,
  author = 	 {A. Bendali and Y. Boubendir and M. Fares},
  title = 	 {A {FETI}-like domain decomposition method for 
coupling finite elements and boundary elements in large-size 
scattering problems of acoustic scattering},
  journal = 	 { Computers \& Structures, to appear},
  year = 	 {2006},
}

@Book{bsu:electromagnetic,
  author = 	 { J.J. Bowman and T.B.A. Senior and P.L.E. Uslenghi},
  title = 	 {Electromagnetic and Acoustic Scattering by Simple Shapes},
  publisher = 	 {Hemisphere},
  year = 	 {1987}
}


@Article{bruning:multiple,
  author = 	 {J. H. Bruning and Y. T. Lo},
  title = 	 {Multiple Scattering of {EM} waves by Spheres Part {I}---Multipole Expansions and Ray-Optical Solutions.},
  journal = 	 {IEEE Antennas and Propagation},
  year = 	 {1971},
 volume =       {19},
  pages =        {378--390}
}

@Article{bruning:multiple2,
  author = 	 {J. H. Bruning and Y. T. Lo},
  title = 	 {Multiple Scattering of {EM} waves by Spheres Part {II}---Numerical and Experimental Results.},
  journal = 	 {IEEE Antennas and Propagation},
  year = 	 {1971},
 volume =       {19},
  pages =        {391--400}
}


@Article{bruno:fast,
  author = 	 {O. P. Bruno and L. A. Kunyansky},
  title = 	 {A Fast, high-Order Algorithm for the Solution of Surface Scattering Problems: Basic Implementation,
	Tests, and Applications},
  journal = 	 {J. Comput. Phys.},
  year = 	 {2001},
 volume =       {169},
  pages =        {80-110},
}


@InCollection{bruno:em,
  author = 	 {O. P. Bruno},
  title = 	 {Fast, high-order, high-frequency integral methods for computational 
acoustics and electromagnetics},
  booktitle = 	 {Topics in Computational 
Wave Propagation Direct and Inverse Problems Series},
  OPTcrossref =  {},
  OPTkey = 	 {},
  OPTpages = 	 {},
  publisher = {Springer},
  year = 	 {2003},
  editor = 	 {M. Ainsworth et al.},
  volume = 	 {31},
  OPTnumber = 	 {},
  series = 	 {Lecture Notes in 
Computer Sciemce and Engineering},
  OPTtype = 	 {},
  OPTchapter = 	 {},
  OPTaddress = 	 {},
  OPTedition = 	 {},
  OPTmonth = 	 {},
  OPTnote = 	 {},
  OPTannote = 	 {}
}


@Article{carpen:precon,
  author = 	 {B. Carpentieri and I. S. Duff and L. Giraud},
  title = 	 {
Sparse pattern selection strategies for robust Frobenius-norm
minimization preconditioners in electromagnetism},
  journal = 	 {Numer. Linear Algebra},
  year = 	 {2000},
 volume =       {7},
  pages =        {667-685},
}


@Article{canino:FASTSCAT,
 author = 	 {L. Canino and  J.Ottusch and  M. Stalzer and  J. Visher and S. Wandzura},
 title = 	 {Numerical solution of the {H}elmholtz equation in {2D} and {3D}
                           using a high--order {N}ystrom discretization}, 
  journal = 	 {J. Comput. Phys.},
  year = 	 {1998},
  volume =       {146},
  pages =        {627-663},  
}


@Article{chen:precon,
  author = 	 {K. Chen},
  title = 	 {An analysis of sparse approximate inverse preconditioners for boundary integral equations},
  journal = 	 {SIAM J. Matrix Anal. Appl.},
  year = 	 {2001},
 volume =       {22},
  pages =        {1058-1078},
}





@Article{cheng:wideband,
  author = 	 {H. Cheng and others},
  title = 	 {A wideband fast multipole method for the {Helmholtz} equation in three dimensions},
  journal = 	 {J. Comput. Phys.},
  year = 	 {2006},
  OPTkey = 	 {},
  volume = 	 {216},
  OPTnumber = 	 {},
  pages = 	 {300--325},
  OPTmonth = 	 {},
  OPTnote = 	 {},
  OPTannote = 	 {}
}

@Book{chew:book,
  author = 	 {W. C. Chew and J.M. Jin and E. Michielssen and J. Song},
  title = 	 {Fast and Efficient Algorithms in Computational Electromagnetics},
  publisher = 	 {Artech House},
  year = 	 {2001}
}




@Book{colton:integral,
  author = 	 {D. Colton and R. Kress},
  title = 	 {Integral Equation Methods in Scattering Theory},
  publisher = 	 {Wiley},
  year = 	 {1983}
}


@Book{colton:inverse,
  author = 	 {D. Colton and R. Kress},
  title = 	 {Inverse Acoustic and Electromagnetic Scattering Theory},
  publisher = 	 {Springer},
  year = 	 {2012},
}


@Article{darve:fmm1,
  author = 	 {E. Darve and P. Hav\'e},
  title = 	 {Efficient fast multipole method for low-frequency scattering},
  journal = 	 {J. Comput. Phys.},
  year = 	 {2004},
  volume =       {197},
  pages =        {341-Â­363},
}

@Article{darve:fmm2,
  author = 	 {E. Darve and P. Hav\'e},
  title = 	 {A fast multipole method for {M}axwell equations stable at all frequencies},
  journal = 	 {Phil. Trans. R. Soc. Lond. A},
  year = 	 {2004},
  volume =       {362},
  pages =        {603Â­-628},
}

@Article{dorn:inverse,
  author = 	 {O. Dorn and D. Lesselier },
  title = 	 {Level set methods for inverse scattering},
  journal = 	 { Inverse Problems },
  year = 	 {2006},
  volume =       {22},
  pages =        {R67--R131},
}

@InCollection{dorn:image,
  author = 	 {O. Dorn and D. Lesselier },
  title = 	 {Level set techniques for structural  
inversion in medical imaging},
  booktitle = 	 {Deformable Models:  An application in Biomaterials and Medical Imagery},
   OPTcrossref =  {},
  OPTkey = 	 {},
  pages = 	 {61--90},
  publisher = {Springer},
  year = 	 {2007},
  editor = 	 {J. S. Suri and A. Farag},
  OPTvolume = 	 {},
  OPTnumber = 	 {},
  OPTseries = 	 {},
  OPTtype = 	 {},
  chapter = 	 {},
  OPTaddress = 	 {},
  OPTedition = 	 {},
  OPTmonth = 	 {},
  OPTnote = 	 {},
  OPTannote = 	 {}
  
}

@Article{eremin:multiple,
  author = 	 {Y. A. Eremin and N. V. Orlov and A. G. Sveshnikov},
  title = 	 {Method of Discrete Sources in problems of Wave Scattering by Several Magnetodielectric Objects},
  journal = 	 {Dokl. Acad. Nauk},
  year = 	 {1992},
  volume =       {322},
  pages =        {501­-506},
}


@PhdThesis{ecevit:thesis,
  author = 	 {F. Ecevit},
  title = 	 {Integral Equation Formulations of Electromagnetic and
Acoustic Scattering Problems: High-frequency Asymptotic
Expansions and Convergence of Multiple Scattering Iterations
},
  school = 	 {University of Minnesota},
  year = 	 {2005},
  OPTkey = 	 {},
  OPTtype = 	 {},
  OPTaddress = 	 {},
  OPTmonth = 	 {},
  OPTnote = 	 {},
  OPTannote = 	 {}
}



@Book{freeden:constructive,
  author = 	 {W. Freeden and T. Gervens and M. Schreiner},
  title = 	 {Constructive Approximation on the Sphere},
  publisher = 	 {Oxford University Press},
  year = 	 {1998}
}


@InCollection{fuller:book,
  author = 	 {K. A. Fuller and D. W. Mackowski},
  title = 	 {Electromagnetic Scattering by Compound Spherical Particles},
  booktitle = 	 {Light Scattering by Nonspherical Particles},
  OPTcrossref =  {},
  OPTkey = 	 {},
  pages = 	 {225--272},
  publisher = {Academic Press},
  year = 	 {2000},
  editor = 	 {M. I. Mishchenko and J. W. Hovenier and L. D. Travis},
  OPTvolume = 	 {},
  OPTnumber = 	 {},
  OPTseries = 	 {},
  OPTtype = 	 {},
  OPTaddress = 	 {},
  OPTedition = 	 {},
  OPTmonth = 	 {},
  OPTnote = 	 {},
  OPTannote = 	 {}
}


@Article{fuller:multiple,
  author = 	 {K. A. Fuller and G. W. Kattawar},
  title = 	 {Consumate Solution to the Problem of Electromagnetic Scattering by an Ensemble of Spheres. {I}: Linear Chains},
  journal = 	 {Opt. Lett.},
  year = 	 {1998},
  volume =       {13},
  pages =        {90--92}
}

@Article{fuller:multiple2,
  author = 	 {K. A. Fuller and G. W. Kattawar},
  title = 	 {Consumate Solution to the Problem of Electromagnetic Scattering by an Ensemble of Spheres. {II}: Clusters of Arbitrary Configuration},
  journal = 	 {Opt. Lett.},
  year = 	 {1998},
  volume =       {13},
  pages =        {1063--1065}
}



@Article{ganesh:spectral1,
  author = 	 {M. Ganesh and I. G. Graham and J. Sivaloganathan},
  title = 	 {
 A pseudospectral three-dimensional
boundary integral method applied to a nonlinear model problem from
finite elasticity},
  journal = 	 {SIAM. J. Numer. Anal.},
  year = 	 {1994},
volume =       {31},
  pages =        {1378-1414},
}


@Article{ganesh:spectral,
  author = 	 {M. Ganesh and I. G. Graham and J. Sivaloganathan},
  title = 	 {A New Spectral Boundary Integral Collocation Method for Three-dimensional Potential Problems},
  journal = 	 {SIAM. J. Numer. Anal.},
  year = 	 {1998},
volume =       {35},
  pages =        {778-805},
}

@Article{ganesh:high-order,
  author = 	 {M. Ganesh and I. G. Graham},
  title = 	 {A high-order algorithm for obstacle scattering in three dimensions},
  journal = 	 {J. Comput. Phys.},
  year = 	 {2004},
  volume =       {198},
  pages =        {211-242},
}






@Article{gh:first,
  author = 	 {M. Ganesh and S. C. Hawkins},
  title = 	 {A Spectrally Accurate Algorithm for Electromagnetic Scattering in Three Dimensions},
  journal = 	 {Numer. Algorithms},
  year = 	 {2006},
  volume =       {43},
  pages = {25--60}
}


@Article{gh:hybrid,
  author = 	 {M. Ganesh and S. C. Hawkins},
  title = 	 {A hybrid high-order algorithm for radar cross section 
computations},
  journal = 	 {SIAM J. Sci. Comput.},
  year = 	 {2007},
  volume =       {29},
  pages = {1217--1243}
}



@Article{gh:hybrid-tang,
  author = 	 {M. Ganesh and S. C. Hawkins},
  title = 	 {A high-order tangential basis algorithm for electromagnetic scattering 
by curved surfaces},
  journal = 	 {J. Comp. Phys.},
  year = 	 {2008},
  volume =       {29},
  pages = {4543--4562}
}



@Article{gh:acoustic-multiple,
  author =       {M. Ganesh and S. C. Hawkins},
  title =        {Simulation of multiple obstacle acoustic scattering in
three dimensions},  
  journal =      {ANZIAM J.},
  pages={C31--C45},
  year =         {2008},
  volume = {50}
}

@Article{gh:ctac-tmatrix,
  author =       {M. Ganesh and S. C. Hawkins},
  title =        {A far-field based {T}-matrix method for three dimensional acoustic scattering},  
  journal =      {ANZIAM J.},
  pages={C121--C136},
  year =         {2008},
  volume = {50}
}

@Article{gh:tmat2d,
  author =       {M. Ganesh and S. C. Hawkins},
  title =        {A far-field based {T}-matrix method for two dimensional acoustic scattering},  
  journal =      {ANZIAM J.},
  pages={C215--C230},
  year =         {2010},
  volume = {51}

}

@Article{gh:multiple_em,
  author = 	 {M. Ganesh and S. C. Hawkins},
  title = 	 {A high-order algorithm for multiple electromagnetic scattering in three dimensions},
  journal = 	 {Numer. Algorithms},
  year = 	 {2009},
  OPTkey = 	 {},
  volume = 	 {50},
  OPTnumber = 	 {},
  pages = 	 {469--510},
  OPTmonth = 	 {},
  OPTnote = 	 {},
  OPTannote = 	 {}
}


@Article{gh:fast-multiple-BIT,
  author = 	 {M. Ganesh and S. C. Hawkins},
  title = 	 {An efficient  $\mathcal{O}({N})$ algorithm for computing 
$\mathcal{O}({N}^2)$ acoustic wave interactions  in  large ${N}$-obstacle three dimensional configurations},
  journal = 	 {BIT Numer. Math.},
  year = 	 {2014 (to appear)},
  OPTkey = 	 {},
  volume = 	 {},
  OPTnumber = 	 {},
  pages = 	 {},
  OPTmonth = 	 {},
  note = 	 {DOI: 10.1007/s10543-014-0491-3},
  OPTannote = 	 {}
}

@Article{ghh:tmatrix,
  author = 	 {M. Ganesh and S. C. Hawkins and R. Hiptmair},
  title = 	 {Convergence analysis with parameter estimates 
for a  reduced basis acoustic scattering {T}-matrix method},
  journal = 	 {IMA J. Numer. Anal.},
  year = 	 {2012},
  OPTkey = 	 {},
  volume = 	 {32},
  OPTnumber = 	 {},
  pages = 	 {1348--1374},
  OPTmonth = 	 {},
  OPTnote = 	 {DOI: 10.1093/imanum/drr041},
  OPTannote = 	 {}
}

 
@Article{gh:stoc_mult,
  author = 	 {M. Ganesh and S. C. Hawkins},
  title = 	 {A stochastic pseudospectral and {T}-matrix algorithm for acoustic scattering by a class of multiple particle configurations},
  journal = 	 {J. Quant. Spect. Radiative Transfer},
  year = 	 {2013},
  OPTkey = 	 {},
  volume = 	 {123},
  OPTnumber = 	 {},
  pages = 	 {41--52},
  OPTmonth = 	 {},
  OPTnote = 	 {},
  OPTannote = 	 {}
}

@InProceedings{gh:dod,
  author = 	 {M. Ganesh and S. C. Hawkins},
  title = 	 {Iterative algorithms for multiple electromagnetic scattering in three dimensions},
  OPTcrossref =  {},
  OPTkey = 	 {},
  booktitle = {International Conference on Days of Diffraction},
  pages = 	 {63--68},
  year = 	 {2010},
  OPTeditor = 	 {},
  OPTvolume = 	 {},
  OPTnumber = 	 {},
  OPTseries = 	 {},
  OPTaddress = 	 {},
  OPTmonth = 	 {},
  OPTorganization = {},
  OPTpublisher = {},
  OPTnote = 	 {},
  OPTannote = 	 {}
}

@Article{ganesh:new,
  author = 	 {M. Ganesh and H. N. Mhaskar},
  title = 	 {Matrix-free interpolation on the sphere},
  journal = 	 {SIAM. J. Numer. Anal., to appear},
  year = 	 {2006},
}


@Article{graham:fully-discrete,
  author = 	 {I. G. Graham and I. H. Sloan},
  title = 	 {Fully Discrete Spectral Boundary Integral Methods for {Helmholtz} Problems on Smooth Closed Surfaces in $\mathbb{R}^3$},
  journal = 	 {Numer. Math.},
  year = 	 {2002},
  volume =       {92},
  pages =        {289-323},
}


@Article{hamid:multiple,
  author = 	 {A. K. Hamid and M. I. Hussein and M. Hamid},
  title = 	 {Radar Cross Section of a System of Conducting Spheres Each Coated with a Dielectric Layer},
  journal = 	 {J. Electromagn. Waves Appl.},
  year = 	 {2003},
volume =       {17},
  pages =        {431-445}
}

@Article{hellmers:simulation,
  author = 	 {J. Hellmers and E. Eremina and T. Wriedt},
  title  = 	 {Simulation of Light Scattering by Biconcave {C}assini Ovals Using the Nullfield Method with Discrete Sources},
  journal = 	 {J. Opt. A: Pure Appl. Opt},
  volumne = {8},
pages = {1--9},
  year = 	 {2006}

}
@Article{kp:fast,
  author = 	 {S. Kunis and D. Potts},
  title = 	 {Fast spherical {F}ourier algorithms},
  journal = 	 {J. Comput. Appl. Math.},
  year = 	 {2003},
 volume =       {161},
  pages =        {75-98},
}

@Article{mishchenko:review,
    author = 	 {M. I. Mishchenko and L. D. Travis and D. W. Mackowski},
    title  =      {{T}-matrix Computations of Light Scattering by Nonspherical Particles: a Review},
    journal = 	 {J. Quant. Spectrosc. Radiat. Transfer},
    year = 	 {1996},
    volume =       {55},
    pages =        {535--575}
}




@InCollection{mishchenko:book,
  author = 	 {M. I. Mishchenko and L. D. Travis and A. Macke},
  title = 	 {{T}-Matrix Method and its Applications},
  booktitle = 	 {Light Scattering by Nonspherical Particles},
  OPTcrossref =  {},
  OPTkey = 	 {},
  pages = 	 {147--172},
  publisher = {Academic Press},
  year = 	 {2000},
  editor = 	 {M. I. Mishchenko and J. W. Hovenier and L. D. Travis},
  OPTvolume = 	 {},
  OPTnumber = 	 {},
  OPTseries = 	 {},
  OPTtype = 	 {},
  chapter = 	 {6},
  OPTaddress = 	 {},
  OPTedition = 	 {},
  OPTmonth = 	 {},
  OPTnote = 	 {},
  OPTannote = 	 {}
}



@Article{monk:paper,
  author = 	 {G. C. Hsiao and P. B. Monk and N. Nigam },
  title = 	 {Error analysis of a finite element-integral equation scheme for 
approximating the time-harmonic {M}axwell system
},
  journal = 	 {SIAM J.  Numer. Anal.},
  year = 	 {2002},
  volume =       {40},
  pages =        {198-219},
}




@Book{hulst:light,
  author = 	 {H. C. van de Hulst},
  title = 	 {Light Scattering by Small Particles},
  publisher = 	 {Dover Publications Inc.},
  year = 	 {1981}
}


@Article{jose:transform,
  author = 	 {P. Jose and R. Kanapady and K. K. Tamma},
  title = 	 {Transform Domain Based Hybrid Element Formulations for Transient Electromagnetic Field Computations},
  journal = 	 {Computer Modeling In Engineering and Sciences},
  year = 	 {2004}
}

@Book{kerker:light,
  author = 	 {M. Kerker},
  title = 	 {The Scattering of Light and other Electromagnetic Radiation},
  publisher = 	 {Academic Press},
  year = 	 {1969}
}

@Book{RCS:book,
  author = 	 {E. F. Knott  and  J. F. Shaeffer and M. T. Tuley},
  title = 	 { Radar Cross Section},
  publisher = 	 {SciTech Publishing Inc},
  year = 	 {2004},
}


@Book{monk:book,
  author = 	 {P. Monk},
  title = 	 {Finite Element Methods for Maxwell's Equations },
  publisher = 	 {Oxford University Press},
  year = 	 {2003},
}


@Article{nousiainen:ice,
    author = 	 {T. Nousiainen and G. M. McFarquhar},
    title  =      {Light Scattering by Quasi-Spherical Ice Crystals},
    journal = 	 {J. Atmospheric Sci.},
    year = 	 {2004},
    volume =       {61},
    pages =        {2229--2248}
}




@Article{ragozin:constructive,
  author = 	 {D. L. Ragozin},
  title = 	 {Constructive Polynomial Approximation on Spheres and Projective Spaces},
  journal = 	 {Trans. Amer. Math. Soc.},
  year = 	 {1971}
}



@Article{CMES:jour,
  author = 	 {F. Reitich and K. K. Tamma and  R. R. Namburu (editors)},
  title = 	 {Special   {I}ssue on  {C}omputational {E}lectromagnetics},
  journal = 	 {Comput. Model.  Eng.  Sci.},
  year = 	 {2004},
  volume =       {5(4)},
 }

  	 

@Article{sloan:constructive,
  author = 	 {I. H. Sloan and R. S. Womersley},
  title = 	 {Constructive Polynomial Approximation on the Sphere},
  journal = 	 {Jornal of Approximation Theory},
  year = 	 {2000}
}


@Article{chew:FISC,
    author = 	 {J. M. Song and  C. C. Lu and  W. C. Chew and S. W. Lee},
    title  =      {Fast {I}llinois {S}olver {C}ode ({FISC})},
    journal = 	 {IEEE Antennas Propag. Mag.},
    year = 	 {1998},
    volume =       {40},
    pages =        {27-34},
}




@Article{song:mlfma,
  author = 	 {J. Song and C. C. Lu and W. C. Chew},
  title = 	 {Multilevel {Fast Multipole Algorithm} for electromagnetic scattering by large complex objects},
  journal = 	 {IEEE Trans. Antennas and Propagation},
  year = 	 {1997},
  OPTkey = 	 {},
  volume = 	 {45},
  OPTnumber = 	 {},
  pages = 	 {1488--1493},
  OPTmonth = 	 {},
  OPTnote = 	 {},
  OPTannote = 	 {}
}

@Article{sparskit,
   author = 	 {Y. Saad},
    title  =     {{SPARSKIT}}, 
    journal = 	 {\text{http://www-users.cs.umn.edu/$\sim$saad/software/home.html}},
 year = 	 {2005},
}


@Article{stout:multiple,
    author = 	 {B. Stout and Jean-Claude Auger and J. Lafait},
    title  =      {A Transfer Matrix Approach to Local Field Calculations in Multiple-Scattering Problems},
    journal = 	 {J. Modern Opt.},
    year = 	 {2002},
    volume =       {49},
    pages =        {2129--2152},
}


@Book{tsang:book,
  author = 	 {L. Tsang and  J. A. Kong and  K. Ding},
  title = 	 {Scattering of Electromagnetic Waves: {T}heories and Applications},
  publisher = 	 {Wiley},
  year = 	 {2000},
}

@Article{veihelmann:dust,
    author = 	 {B. Veihelmann and T. Nousiainen and M. Kahnert and W. J. van der Zande},
    title  =      {Light Scattering by Small Feldspar Particles Simulated using the Gaussian Random Sphere Geometry},
    journal = 	 {J. Quant. Spectrosc. Radiat. Transfer},
    year = 	 {2005},
    volume =       {100},
    pages =        {393--405}
}

@Article{wei:multiple,
    author = 	 {P. S. P. Wei and A. W. Reed and C. N. Ericksen},
    title  =      {Two-sphere Interference in {RCS} Measurements and Imaging},
    journal = 	 {IEEE Antennas Propag. Mag.},
    year = 	 {2004},
    volume =       {46},
    pages =        {166--172},
}

@phdthesis{wienert:thesis,
	author=	{L. Wienert},
	title={Die Numerische Approximation von Randintegraloperatoren f\"ur die
	Helmholtzgleichung im $\bbR^3$.},
	school={University of G\"ottingen},
	year={1990}
}

@Article{wiscombe:mie,
  author = 	 {W. J. Wiscombe},
  title = 	 {Improved {Mie} Scattering Algorithms},
  journal = 	 {Applied Optics},
  year = 	 {1980}
}

@Article{gh:mie,
  author = {M. Ganesh and  S. C. Hawkins},
  title = { Improved high-order algorithms for dielectric {Mie} scattering},
  journal = {WSEAS. Trans. Math.},
  year = {2006},
  volume = {5},
  pages = {663--670}
}


@Article{xu:aggregate,
  author = 	 {Yu-Lin Xu},
  title = 	 {Electromagnetic Scattering by an Aggregate of Spheres},
  journal = 	 {J. Opt. Soc. Am. A},
  year = 	 {2003},
  OPTkey = 	 {},
  volume = 	 {20},
  number = 	 {11},
  pages = 	 {2093--2105},
  OPTmonth = 	 {},
  OPTnote = 	 {},
  OPTannote = 	 {}
}

@Article{woo:benchmark,
    author = 	 {A. C. Woo and  H. T. Wang and M. J. Schuh and M. L. Sanders},
    title  =      {Benchmark Radar Targets for the 
                 Validation of Computational Electromagnetics Programs},
    journal = 	 {IEEE Antennas Propag. Mag.},
    year = 	 {1993},
    volume =       {35},
    pages =        {84-89},
}

@Article{wang:multiple,
    author = 	 {Y. M. Wang and W. C. Chew},
    title  =      {A Recursive {T}-Matrix Approach for the Solution of Electromagnetic Scattering by Many Spheres},
    journal = 	 {IEEE Trans. Antennas and Propagation},
    year = 	 {1993},
    volume =       {41},
    pages =        {1633--1639}
}


@Article{wriedt:light,
    author = 	 {T. Wriedt and J. Hellmers and E. Eremina and R. Schuh},
    title  =      {Light Scattering by Single Erythrocyte: Comparison of Different Methods},
    journal = 	 {J. Quant. Spectrosc. Radiat. Transfer},
    year = 	 {2006},
    volume =       {100},
    pages =        {444--456}
}

@Book{doicu:book,
  author = 	 {A. Doicu and  T. Wriedt and Y. Eremin},
  title = 	 {Light Scattering by Systems of Particles. Null-Field Method with Discrete Sources - Theory and Programs},
  publisher = 	  {Springer Verlag},
  year = 	 {2006}
}

@Book{martin:book,
  author = 	 {P. A. Martin},
  title = 	 {Multiple Scattering: Interaction of Time-Harmonic Waves with N Obstacles },
  publisher = 	  {Cambridge University Press},
  year = 	 {2006}
}

@Book{mish2006:book,
author = 	 {M. I. Mishchenko  and  L. D. Travis and A. A. Lacis},
  title = 	 {Multiple Scattering of Light by Particles: Radiative Transfer and Coherent Backscattering  },
  publisher = 	  {Cambridge University Press},
  year = 	 {2006}
}

@Book{mish2014:book,
author = 	 {M. I. Mishchenko},
  title = 	 {Electromagnetic Scattering  by Particles and Particle Groups: An Introduction  },
  publisher = 	  {Cambridge University Press},
  year = 	 {2014}
}

@Article{mishchen:t-matrix,
    author = 	 {M.I. Mishchenko  and G. Videen and V.A. Babenko and N.G. Khlebtsov and T. Wriedt},
    title  =      {
{T}-matrix theory of electromagnetic scattering by particles and its applications: a comprehensive reference database},
    journal = 	 {J. Quant. Spectrosc. Radiat. Transfer},
    year = 	 {2004},
    volume =       {88},
    pages =        {357--406}
}


@Article{waterman:t-matrix,
    author = 	 {P.C. Waterman},
    title  =      {Matrix formulation of electromagnetic scattering},
    journal = 	 {Proc. IEEE},
    year = 	 {1965},
    volume =       {53},
    pages =        {805--812}
}

@Article{gurel:biet-matrix,
    author = 	 {L. Gurel and W. C. Chew},
    title  =      {On the connection of {T} matrices and integral equations},
    journal = 	 {IEEE Antennas and Propagation Society Symposium Digest },
    year = 	 {1991},
    volume =       {},
    pages =        {1624--1625}
}

@Article{balabane:jacobi,
    author = 	 {M. Balabane},
    title  =      {Boundary decomposition for Helmholtz and Maxwell equations 1: disjoint sub-scatterers},
    journal = 	 {Asymp. Anal.},
    year = 	 {2004},
    volume =       {38},
    pages =        {1--10}
}

@Article{schu:born,
    author = 	 {G.T. Schuster},
    title  =      {A hybrid {BIE} + {B}orn seris modeling scheme: generalized
Born series}, 
    journal = 	 {J. Acoustic Soc. Amer.},
    year = 	 {1985},
    volume =       {7},
    pages =        {865--879}
}

@Article{geuzaine:high1,
    author =  {O. P. Bruno and  C. A  Geuzaine and  J. A. Monro  and F. Reitich},
    title  =      {Prescribed error tolerances within 
fixed computational times  for scattering problems of arbitrarily 
high frequency: the convex case},
    journal = 	 { Philos. Trans. R. Soc. Lond. Ser. A Math. Phys. Eng. Sci. },
    year = 	 {2004},
    volume =       {362},
    pages =        {629--645},
}



@Article{geuzaine:high,
    author = 	 {C. Geuzaine and O. Bruno and F. Reitich},
    title  =      {On the {$\mathcal{O}$}(1) solution of multiple-scattering problems},
    journal = 	 {IEEE Trans. Magnetics},
    year = 	 {2005},
    volume =       {41},
    pages =        {1488--1491}
}






@Article{zach:shape1,
    author = 	 {A. D. Zacharopoulos and S. R. Arridge and O. Dorn and
V. Kolehmainen  and J. Sikora},
    title  =      {3{D} Shape reconstruction in optical tomography using spherical harmonics and {BEM}},
    journal = 	 {J.  Electromagnetic  Waves and Appl. },
    year = 	 {2006},
    volume =       {20},
    pages =        {1827--1836}
}

@Article{zach:shape2,
    author = 	 {A. D. Zacharopoulos and S. R. Arridge and O. Dorn and
V. Kolehmainen  and J. Sikora},
    title  =      {Three-dimensional reconstruction of shape and
piecewise constant region values for optical tomography 
using spherical harmonic parametrization and a boundary element method},
    journal = 	 {Inverse Problems },
    year = 	 {2006},
    volume =       {22},
    pages =        {1509--1532}
}


@Article{kidney:shape,
    author = 	{J-L. Dillenseger and  H. Guillaume and J-J. Patard},
    title  =      {Spherical Harmonics Based Intrasubject
3-{D} Kidney Modeling/Registration Technique
Applied on Partial Information},
    journal = 	 {IEEE Transactions on  Biomedical Engineering},
    year = 	 {2006},
    volume =       {53},
    pages =        {2185-2193}
}



@Article{tumor:shape,
    author = 	{D. Goldberg-Zimring and I. Talos and J. Bhagwat
and  S. Haker and P. M. Black and K. H. Zou},
    title  =      {Statistical validation of brain tumor shape 
approximation via spherical harmonics  for image-guided neurosurgery},
    journal = 	 { Acad. Radiology  },
    year = 	 {2005},
    volume =       {12},
    pages =        {459-466}
}

@Article{tumor:mathbio,
    author = 	{M. A. J. Chaplain and  M. Ganesh and  I.G. Graham},
    title  =      {Spatio-temporal pattern formation on
spherical surfaces: Numerical simulation and application to solid tumour
growth },
    journal = 	 {J. Math. Biology},
    year = 	 {2001},
    volume =       {42},
    pages =        {387-423}
}

@Article{multiple:rayleigh,
    author = 	{Lord Rayleigh},
    title  =      {On the influence of obstacles arranged in 
rectangular order upon the properties of a medium },
    journal = 	 {Phil. Mag. },
    year = 	 {1892},
    volume =       {34},
    pages =        {481--502}
}

@Article{highfreq:melrose,
    author = 	{R. B. Melrose and M. E. Taylor },
    title  =      {Near peak scattering and the corrected 
Kirchhoff approximation for a convex obstacle},
    journal = 	 {Adv. in Math.  },
    year = 	 {1985},
    volume =       {55},
    pages =        {242--315}
}

@Article{highfreq:ivan,
  author = 	 {V. Dom\'{\i}nguez and I. G. Graham and V. P. Smyshlyaev},
  title = 	 {A hybrid numerical-asymptotic boundary integral method for high-frequency acoustic scattering},
  journal = 	 { Numer. Math.  },
   volume =       {to appear},
  year = 	 { 2007},
}

@Article{highfreq:wilde,
    author = 	 {S. Langdon and S. N. Chandler-Wilde},
    title  =      {A wavenumber independent boundary element 
method for an acoustic scattering problem},
    journal = 	 { SIAM J. Numer. Anal. },
    year = 	 {2006},
    volume =       {43},
    pages =        {2450-2477}
}


@Article{highfreq:Ece2d,
    author = 	 {F. Ecevit and F. Reitich},
    title  =      {Analysis of multiple scattering iterations for high-frequency scattering problems. {I}: The two-dimensional case},
    journal = 	 {Numer. Math.},
    year = 	 {2009},
    volume =       {114},
    pages =        {271-354}
}



@Article{highfreq:Ece3d,
    author = 	 {A. Anand and Y. Boubendir and  F. Ecevit and F. Reitich},
    title  =      {Analysis of multiple scattering iterations for high-frequency scattering problems. {II}:  The three-dimensional scalar case},
    journal = 	 {Numer. Math.},
    year = 	 {2010},
    volume =       {114},
    pages =        {373-427}
}


@Article{highfreq:bruno3d,
  author = 	 {O. P. Bruno and  C. A. Geuzaine},
  title = 	 {An {{\em O}}(1) integration scheme for three-dimensional
          surface scattering problems},
  journal = 	 { J. Comp. Appl. Math.},
   volume =       {to appear},
  year = 	 { 2007},
}

@Article{highfreq:ganesh3d,
  author = 	 {M. Ganesh and S. Langdon and I.H. Sloan},
  title = 	 {Efficient evaluation of highly oscillatory acoustic scattering surface integrals},
  journal = 	 { J. Comp. Appl. Math.},
   volume =       {to appear},
  year = 	 { 2007 (Online publication, July 2006: {\tt {http://dx.doi.org/doi:10.1016/j.cam.2006.03.029}})},
}


@Article{direct:martinsson,
    author = 	 {P. G. Martinsson },
    title  =      {Fast evaluation of electro-static interactions in multi-phase dielectric media },
    journal = 	 {J. Comp. Phys.},
    year = 	 {2006},
    volume =       {205},
    pages =        {289--299}
}

@Article{direct:rokhlin,
    author = 	 {P. G. Martinsson and V. Rokhlin },
    title  =      {A fast direct solver for boundary integral equations in two dimensions  },
    journal = 	 {J. Comp. Phys.},
    year = 	 {2006},
    volume =       {205},
    pages =        {1--23},
}

@Article{multiple:dtn,
    author = 	 {M. J. Grote and C. Kirsch  },
    title  =      {Dirichlet-to-Neumann boundary conditions for multiple scattering problems},
    journal = 	 {J. Comp. Phys.},
    year = 	 {2004},
    volume =       {201},
    pages =        { 630--650 },
}



@Article{dufva,
    author = 	 {T. J. Dufva and J. Sarvas and J. C.-E. Sten},
    title  =      {Unified derivation of the translation addition theorems
for the spherical and vector wave functions},
    journal = 	 {Progress in Electromagnetics Research B},
    year = 	 {2008},
    volume =       {4},
    pages =        { 79--99 },
}


@Book{nedlec:book,
  author =       {J.-C. N\'ed\'elec},
  title =        {Acoustic and Electromagnetic Equations},
  publisher =    {Springer},
  year =         {2001},
}


\bibitem{GrKr:04} 
M. J. Grote and C. Kirsch
Dirichlet-to-Neumann boundary conditions for multiple scattering problems,
{\em J. Comp. Phys.}, 201:630--650, 2004.

@Article{saad:gmres,

  author = 	 {Y. Saad and M. H. Schultz},

  title = 	 {{GMRES}: A generalized minimal residual algorithm for solving

nonsymmetric linear systems},

  journal = 	 {SIAM J. Sci. Stat. Comput.},

  year = 	 {1986},

  volume = 	 {7},

  number = 	 {3},

  pages = 	 {856--869},
}


@article{saad:fgmres,
author = {Youcef Saad},
collaboration = {},
title = {A Flexible Inner-Outer Preconditioned {GMRES} Algorithm},
publisher = {SIAM},
year = {1993},
journal = {SIAM J Sci. Comp.},
volume = {14},
number = {2},
pages = {461-469},
keywords = {Krylov subspace methods; GMRES; non-Hermitian systems; preconditioned conjugate gradient; variable preconditioners},
}

@Article{bempp,
    author = 	 {W. \'Smigaj and S. Arridge and T. Betcke and J. Phillips and M. Schweiger},
    title  =      {Solving Boundary Integral Problems with {BEM++}},
    journal = 	 {ACM Trans. Math. Software (Submitted)},
    year = 	 {2013 },
}

@Article{betl,
    author = 	 {R. Hiptmair and  L. Kielhorn},
    title  =      {{BETL} -- A generic boundary element template library},
    journal = 	 {Tech. Rep. 2012-36, Seminar for Applied Mathematics, ETH Z\"urich},
    year = 	 {2012},
}

@article{ghs:12,
author = {M. Ganesh and J. Hesthaven  and B. Stamm},
title = { A reduced basis method for multiple electromagnetic scattering in three dimensions},
journal = {J. Comput. Phys.},
  year =         {2012},
  volume =       {231},
  pages = {7756--7779}
}


@article{Bruning:1971p4959,
author = {J.H Bruning and Y.T Lo},
journal = {Antennas and Propagation, IEEE Transactions on},
title = {Multiple scattering of EM waves by spheres part I--Multipole expansion and ray-optical solutions},
number = {3},
pages = {378 -- 390},
volume = {19},
year = {1971},
}

@article{Bruning:1971p4961,
author = {J.H Bruning and Y.T Lo},
journal = {IEEE Trans. Antennas and Propag. },
title = {Multiple scattering of EM waves by spheres part {II}--{N}umerical and experimental results},
number = {3},
pages = {391 -- 400},
volume = {19},
year = {1971},
}

@article{Acta_Num:hf_pap,
author = { I. G. Graham and E. Spence and S.Chandler-Wilde  and Langdon},
journal = {ACTA Numerica },
title = { Numerical-asymptotic boundary integral methods in high-frequency scattering},
pages = {89 -- 305},
volume = {21},
year = {2012},
}

@Book{Mai_Knio:stochastic,
  author = 	 {O. P. Le Ma\^itre and O. M.  Kino},
  title = 	 {Spectral Methods for Uncertainty Quantification},
  publisher = 	 {Springer},
  year = 	 {2010},
  OPTkey = 	 {},
  OPTvolume = 	 {},
  OPTnumber = 	 {},
  OPTseries = 	 {},
  OPTaddress = 	 {},
  OPTedition = 	 {},
  OPTmonth = 	 {},
  OPTnote = 	 {},
  OPTannote = 	 {}
}



@Book{xiu:book,
  author = 	 {D. Xiu},
  title = 	 {Numerical methods for stochastic computations},
  publisher = 	 {Princeton University Press},
  year = 	 {2010},
  OPTkey = 	 {},
  OPTvolume = 	 {},
  OPTnumber = 	 {},
  OPTseries = 	 {},
  OPTaddress = 	 {},
  OPTedition = 	 {},
  OPTmonth = 	 {},
  OPTnote = 	 {},
  OPTannote = 	 {}
}

%1
@Article{chauviere:efficient,
	author = {C. Chauviere and J. Hesthaven and L. Wilcox},
	title = {Efficient computation of {RCS} from scatterers of uncertain shapes},
	journal = {IEEE Trans. Antennas and Propagation},
	year = {2007},
	volume = {5},
	pages = {1437--1448},
}


%2
@Article{xiu:high-order,
	author = {D. Xiu and J. Hesthaven},
	title = {High-order collocation methods for differential equations with random inputs},
	journal = {SIAM J. Sci. Comput.},
	year = {2005},
	volume = {27},
	pages = {1118--1139},
}

%3
@Article{chauviere:computational,
	author = {C. Chauviere and J. Hesthaven and L. Lurati},
	title = {Computational modeling of uncertainty in time-domain electromagnetics},
	journal = {SIAM J. Sci. Comput.},
	year = {2006},
	volume = {28},
	pages = {751--775},
}

%4
@Article{liu:adaptive,
	author = {M. Liu and Z. Gao and J. Hesthaven},
	title = {Adaptive sparse grid algorithms with applications to electromagnetic scattering under uncertainty},
	journal = {Appl. Numer. Math.},
	year = {2011},
	volume = {61},
	pages = {24--37},
}


%5
@Article{xiu:fast,
	author = {D. Xiu},
	title = {Fast numerical methods for stochastic computations: a review},
	journal = {Commun. Comput. Phys.},
	year = {2009},
	volume = {5},
	pages = {242--272},
}



%8
@Article{ganesh:a,
	author = {M. Ganesh and J. Hesthaven and B. Stamm},
	title = {A reduced basis method for electromagnetic scattering by multiple particles in three dimensions},
	journal = {J. Comput Phys.},
	year = {2012},
	volume = {231},
	pages = {7756--7779},
}

%9
@Article{xiu:an,
	author = {D. Xiu and J. Shen},
	title = {An efficient spectral method for acoustic scattering from rough surfaces},
	journal = {Commun. Comput. Phys.},
	year = {2007},
	volume = {2},
	pages = {54--72},
}

%10
@Article{ditkowski:wave,
	author = {A. Ditkowski and Y. Harness},
	title = {Wave scattering by randomly shaped objects},
	journal = {Appl. Numer. Math.},
	year = {2012},
	volume = {62},
	pages = {1819--1836},
}

%12
@Article{jung:maxwell,
	author = {C. Jung and B. Kwon and A. Mahalov and T. B. Nguyen},
	title = {{Maxwell} solutions in media with multiple random interfaces},
	journal = {Int. J. Numer. Anal. Model.},
	year = {2014},
	volume = {11},
	pages = {193--212},
}


%15
@Article{tsuji:fast,
	author = {P. Tsuji and D. Xiu and L. Ying},
	title = {Fast method for high-frequency acoustic scattering from random scatterers},
	journal = {Int. J. Uncertain. Quantif.},
	year = {2011},
	volume = {1},
	pages = {99--117},
}

%16
@Article{ozgun:a,
	author = {O. Ozgun and M. Kuzuoglu},
	title = {A coordinate transformation approach for efficient repeated solution of {Helmholtz} equation pertaining to obstacle scattering byshape deformations},
	journal = {Comput. Phys. Comm.},
	year = {2014},
	volume = {185},
	pages = {1616--1627},
}

@Article{aretha:1,
	author = {A.L. Teckentrup and R. Scheichl and M.B. Giles and E. Ullmann},
	title = {Further Analysis of Multilevel {Monte Carlo} Methods for elliptic {PDE}s with random coefficients},
	journal = {Numer. Math.},
	year = {2013}, 
	volume = {125},
	pages = {569--600},
}


@Article{aretha:2,
	author = {A.L. Teckentrup and P. Jantsch and C.G. Webster and M. Gunzburger},
	title = { A Multilevel Stochastic Collocation Method for Partial Differential Equations with Random Input Data},
	journal = {arXiv:1404.2647},
	year = {2014}, 
	volume = {},
	pages = {Submitted.},
}

@Article{frances:1,
	author = {F. Y. Kuo and Ch. Schwab and I. H. Sloan},
	title = {Quasi-{M}onte {C}arlo finite element methods for a class of elliptic partial differential equations with random coefficient},
	journal = {SIAM J. Numer. Anal.},
	year = {2012}, 
	volume = {50},
	pages = {3351--3374},
}

@Article{frances:2,
	author = {J. Dick and F. Y. Kuo  and I. H. Sloan},
	title = {High-dimensional integration - the quasi-{M}onte {C}arlo way},
	journal = {Acta Numerica,},
	year = {2013}, 
	volume = {22},
	pages = {133--288},
}

@Article{narayan:1,
	author = {A. Narayan and C. Gittelson and D. Xiu},
	title = {A stochastic collocation algorithm with multifidelity models},
	journal = {SIAM J. Sci. Comp.},
	year = {2014}, 
	volume = {36},
	pages = {A495--A521},
}

@Article{schwab:1,
	author = {Ch. Schwab and C. Gittelson},
	title = { Sparse tensor discretizations of high-dimensional parametric and stochastic {PDE}s},
	journal = {Acta Numerica,},
	year = {2011}, 
	volume = {20},  
	pages = {291--467},
}

@Article{schwab:2,
	author = {A. Cohen and R. DeVore and Ch. Schwab},
	title = {  Analytic Regularity and Polynomial Approximation of Parametric Stochastic Elliptic {PDE}s},
	journal = {Anal. Appl.},
	year = {2011}, 
	volume = {9},  
	pages = {11--47},
}

@Article{dick:sobol1,
  author = 	 {J. Dick},
  title = 	 {Explicit constructions of quasi-{Monte Carlo} rules for the numerical integration of high dimensional periodic functions},
  journal = 	 {SIAM J. Numer. Anal.},
  year = 	 {2007},
  OPTkey = 	 {},
  volume = 	 {45},
  OPTnumber = 	 {},
  pages = 	 {2141--2176},
  OPTmonth = 	 {},
  OPTnote = 	 {},
  OPTannote = 	 {}
}

@Article{dick:sobol2,
  author = 	 {J. Dick},
  title = 	 {{Walsh} spaces containing smooth functions and quasi-{Monte Carlo} rules of arbitrary high order},
  journal = 	 {SIAM J. Numer. Anal.},
  year = 	 {2008},
  OPTkey = 	 {},
  volume = 	 {46},
  OPTnumber = 	 {},
  pages = 	 {1519--1553},
  OPTmonth = 	 {},
  OPTnote = 	 {},
  OPTannote = 	 {}
}


@Article{dick:sobol-code,
   author = 	 {J. Dick},
    title  =     {How to generate higher order Sobol points in Matlab and some numerical examples}, 
    journal = 	 {\text{http://quasirandomideas.wordpress.com/2010/06/17/}},
 year = 	 {2010},
}

@Manual{mpspack:manual,
  title = 	 {{MPSpack} user manual},
  OPTkey = 	 {},
  author = 	 {A. Barnett and T. Betcke},
  OPTorganization = {},
  OPTaddress = 	 {},
  OPTedition = 	 {},
  OPTmonth = 	 {},
  year = 	 {2013},
  note = 	 {\url{http://code.google.com/p/mpspack/}},
  OPTannote = 	 {}
}

@Article{kirsch:coupled,
  author = 	 {A. Kirsch and P. Monk},
  title = 	 {An analysis of the coupling of finite-element and Nystr\"om methods in acoustic scattering},
  journal = 	 {IMA J. Numer. Anal},
  year = 	 {1994},
  OPTkey = 	 {},
  OPTvolume = 	 {14},
  OPTnumber = 	 {},
  pages = 	 {523--544},
  OPTmonth = 	 {},
  OPTnote = 	 {},
  OPTannote = 	 {}
}
