%
% File:    lstrs.bib
% Content: bibtex entries for lstrs.tex
%

%
% Journals
%

@string{bit    = "BIT"}
@string{mp     = "Math. Prog."}
@string{mpb    = "Math. Prog., Series B"}
@string{mps    = "Math. Prog. Studies"}
@string{oms    = "Optim. Methods Softw."}
@string{sjam   = "SIAM J. Appl. Math. "}
@string{sjna   = "SIAM J. Numer. Anal."}
@string{sjco   = "SIAM J. Control and Optim."}
@string{sjssc  = "SIAM J. Sci. Stat. Comput."}
@string{sjsc   = "SIAM J. Sci. Comput."}
@string{sjlap  = "SIAM J. Lin. Alg. Appl."}
@string{sjmaa  = "SIAM J. Matrix Anal. Appl."}
@string{siopt  = "SIAM J. Optim."}
@string{smi    = "Surv. Math. Ind."}
@string{srev   = "SIAM Review"}
@string{mc     = "Math. Comp."}
@string{nm     = "Numer. Math."}
@string{acmms  = "ACM Trans. Math. Softw."}
@string{ojc    = "ORSA J. on Comp."}
@string{alg    = "Algorithmica"}
@string{com    = "Combinatorica"}
@string{mor    = "Math. of Oper. Res."} 
@string{io     = "Investigaci\'on Operativa"}
@string{cacm   = "Comm. of the ACM"}
@string{ima    = "IMA J. of Num. Anal."}
@string{rmjm   = "Rocky Mountain J. of Mathematics"}
@string{lap    = "Lin. Alg. Appl."}
@string{jota   = "J. Opt. Theory Appl."}


%
% Publishers
%

@string{ap   = "Academic Press"}
@string{cp   = "Clarendon Press"}
@string{enh  = "Elsevier North-Holland"}
@string{jhup = "The John Hopkins University Press"}
@string{nh   = "North-Holland"}
@string{mgh  = "MacGraw Hill"}
@string{pp   = "Plenum Press"} 
@string{pup  = "Princeton University Press"}
@string{jws  = "John Wiley \& Sons"}
@string{sv   = "Springer-Verlag"}
@string{spr  = "Springer"}
@string{siam = "SIAM"}

%
% Places
%

@string{ams  = "Amsterdam"}
@string{bal  = "Baltimore"}
@string{bel  = "Belgium"}
@string{lon  = "London"}
@string{ny   = "New York"}
@string{nj   = "New Jersey"}
@string{orl  = "Orlando"}
@string{oxf  = "Oxford"}
@string{pa   = "Philadelphia"}
@string{rdj  = "R\'{\i}o de Janeiro"}

%
% Institutions
%

@string{rice = "Department of Computational and Applied Mathematics, Rice University"}
@string{unicamp = "Instituto de Matem\'atica, Universidade Estadual de Campinas"}
@string{waterloo = "Department of Combinatorics and Optimization, University of Waterloo"}

%
%  References
%

@article{rss2000,
    author = "Marielba Rojas and Sandra A. Santos and Danny C. Sorensen",
    title  = "A new matrix-free algorithm for the large-scale trust-region subproblem",
    journal = siopt,
    volume  = 11,
    number  = 3,
    pages   = "611-646",
    year    = 2000
}



@article{rs2002,
    author = "Marielba Rojas and Danny C. Sorensen",
    title  = "A Trust-Region Approach to the Regularization of Large-Scale Discrete Forms of Ill-Posed Problems",
    journal = sjsc,
    volume  = 23,
    number  = 3,
    pages   = "1843-1861",
    year    = 2002
}

@article{rst2002,
    author = "Marielba Rojas and Trond Steihaug",
    title  = "An interior-point trust-region-based method for large-scale non-negative regularization. ",
    journal = "Inverse Problems",
    volume  = 18,
    number  = 5,
    pages   = "1291-1307",
    year    = 2002
}


@article{sorensen1992,
    author = "Danny C. Sorensen",
    title   = "{Implicit application of polynomial filters in a k-step Arnoldi method}",
    journal = sjmaa,
    volume  = 13,
    number  = 1,
    pages   = "357-385",
    year    = 1992
}


@article{sorensen1982,
    author = "Danny C. Sorensen",
    title   = "Newton's Method with a model Trust Region modification",
    journal = sjna,
    volume  = 19,
    number  = 2,
    pages   = "409-426",
    year    = 1982
}

@article{ms1983,
    author = "Jorge J. Mor\'e and Danny C. Sorensen",
    title   = "Computing a Trust Region Step",
    journal = sjssc,
    volume  = 4,
    number  = 3,
    pages   = "553-572",
    year    = 1983
}

@article{steihaug1983,
    author = "Trond Steihaug",
    title   = "The Conjugate Gradient Method and Trust Regions in Large Scale Optimization",
    journal = sjna,
    volume  = 20,
    number  = 3,
    pages   = "626-637",
    year    = 1983
}

@incollection{more1983,
    author = "Jorge J. Mor\'e",
    title     = "Recent developments in algorithms and software for trust region methods",
    booktitle = "Mathematical Programming: the state of the art, Bonn 1982",
    publisher = "Springer-Verlag",
    editor    = "A. Bachem and M. Gr{\"o}tschel and B. Korte",
    address   = "New York",
    pages     = "258-287",
    year      = 1983
}

@article{gay1981,
    author  = "David Gay",
    title   = "Computing Optimal Locally Constrained Steps",
    journal = sjssc,
    volume  = 2,
    number  = 2,
    pages   = "186-197",
    year    = 1981
}

@article{gay1983,
    author  = "David Gay",
    title   = "Subroutines for Unconstrained Minimization Using a Model$/$Trust-Region Approach",
    journal = sjssc,
    volume  = 9,
    number  = 4,
    pages   = "503-524",
    year    = 1983
}

@article{fms1994,
    author  = "Ana Friedlander and Jos\'e M. Mart\'{\i}nez and Sandra A. Santos",
    title   = "A new trust region algorithm for bound constrained minimization",
    journal = "App. Math. and Opt.",
    volume  = 30,
    pages   = "235-266",
    year    = 1994
}

@techreport{mas1994,
    author  = "Jos\'e M. Mart\'{\i}nez and Sandra A. Santos",
    title   = "A trust region approach for equality constrained minimization",
    type    = TR,
    institution = unicamp,
    address = "Brazil",
    month   = "May",
    year    = 1994
}

@article{m1994,
    author  = "Jos\'e M. Mart\'{\i}nez",
    title   = "Local minimizers of quadratic functions on {E}uclidean balls and spheres",
    journal = siopt,
    volume  = 4,
    number  = 1,
    pages   = "159-176",
    year    = 1994
}

@article{masa1995,
    author  = "Jos\'e M. Mart\'{\i}nez and Sandra A. Santos",
    title   = "A trust region strategy for minimization on arbitrary domains",
    journal = mp,
    volume  = 68,
    number  = 3,
    pages   = "267-301",
    year    = 1995
}

@article{sorensen1997,
    author = "Danny C. Sorensen",
    title  = "Minimization of a large-Scale quadratic function subject to a spherical constraint",
    journal = siopt,
    volume  = 7,
    number  = 1,
    pages   = "141-161",
    year    = 1997
}

@article{rw1997,
    author = "Frank Rendl and Henry Wolkowicz",
    title  = "A Semidefinite Framework for Trust Region Subproblems with Applications to Large Scale Minimization",
    journal = mp,
    volume  = 77,
    number  = 2,
    pages   = "273-299",
    year    = 1997
}


@incollection{more1977,
    author = "Jorge J. Mor\'e",
    title   = "The {L}evenberg-{M}arquardt algorithm: implementation and theory",
    booktitle = "Numerical Analysis Proceedings Dundee 1977, Lecture Notes in Mathematics 630",
    publisher = sv,
    editor  = "G. A. Watson",
    address = "Berlin",
    pages   = "144-157",
    year    = 1977
}

@techreport{dv1994,
    author = "John E. Dennis and Luis N. Vicente",
    title  = "On the convergence theory of trust-region-based algorithms for equality-constrained optimization",
    institution = rice,
    number = "94-36",
    month = "October",
    year = 1994
}

@article{lpr1994,
    author = "Stefano Lucidi and Laura Palagi and Massimo Roma",
    title  = "On some properties of quadratic programs with a convex quadratic constraint",
    journal = siopt,
    volume  = 8,
    pages   = "105-122",
    year    = 1998
}

@techreport{lpr96,
    author = "Stefano Lucidi and Laura Palagi and Massimo Roma",
    title  = "On some properties of quadratic programs with a convex quadratic constraint",
    institution = "Dipartimento di Informatica e sistemistica, Universit\`a di Roma ``La Sapienza''",
    number = "33-96",
    month = "October",
    year = 1996
}


@book{parlett1980,
    author  = "Beresford N. Parlett",
    title   = "The Symmetric Eigenvalue Problem",
    publisher = "Prentice-Hall",
    address   = "Englewood Cliffs NY",
    year      = 1980
}


@book{arpack,
    author  = "Richard B. Lehoucq and Danny C. Sorensen and Chao Yang",
    title   = "{ARPACK User's Guide: Solution of Large Scale Eigenvalue Problems by Implicitly Restarted Arnoldi Methods}",
    publisher = siam,
    address   = pa,
    year      = 1998
}
%Available from {\tt http://www.caam.rice.edu/software/ARPACK}.

@book{matlab,
    author = "{The MathWorks, Inc.}",
    title   = "{MATLAB: The Language of Technical Computing. Using \matlab\, Version 6}",
    address   = "Natick, Massachussetts",
    publisher = "",
    year      = 2000
}


@article{glrt1999,
    author = "Nicholas N.I.M. Gould and Stefano Lucidi and Massimo Roma and Philippe L. Toint",
   title   = "Solving the trust-region subproblem using the {Lanczos} method",
   journal = siopt,
   volume  = "9",
   number  = "2",
   pages   = "504-525",
   year    = "1999"
}

@article{gvm1991,
   author  = "Gene H. Golub and Urs von Matt",
   title   = "Quadratically constrained least squares and quadratic problems",
   journal = nm,
   volume  = "59",
   pages   = "561-580",
   year    = "1991"
}

@article{pdlt1998,
   author  = "Tao Pham-Dinh and Hoai A. Le-Thi",
   title   = "A {D.C.} optimization algorithm for solving the trust-region subproblem",
   journal = siopt,
   volume  = "8",
   number  = "2",
   pages   = "476-505",
   year    = "1998"
}

@article{lpr1998,
    author = "Stefano Lucidi and Laura Palagi and Massimo Roma",
   title   = "On some properties of quadratic programs with a convex quadratic constraint",
   journal = siopt,
   volume  = "8",
   pages   = "105-122",
   year    = "1998"
}

@article{hager2001,
   author  = "William W. Hager",
   title   = "Minimizing a quadratic over a sphere",
   journal = siopt,
   volume  = "12",
   pages   = "188-208",
   year    = "2001"
}

@article{hansen1994,
   author  = "Per C. Hansen",
   title   = "{Regularization Tools: a MATLAB package for analysis and solution of discrete ill-posed problems}",
   journal = "Numer. Algo.",
   volume  = "6",
   pages   = "1-35",
   year    = "1994"
}

@misc{rojas1998,
   author  = "Marielba Rojas",
   title   = "A large-scale trust-region approach to the regularization of discrete ill-posed problems",
   note    = "{Ph.D.} thesis, Department of Computational and Applied Mathematics, Rice University, Houston, Texas, Technical Report TR98-19, May 1998",
   year    = "1998"
}
@article{fw2003,
   author  = "Charles Fortin and Henry Wolkowicz",
   title   = "The trust-region subproblem and semidefinite programming",
   journal = oms,
   volume  = "19",
   number  = "1",
   pages   = "41-67",
   year    = "2004"
}

@misc{hsl2004,
 author = "{HSL}",
 title = "{HSL} 2004: {A} collection of {F}ortran codes for large
          scale scientific computation",
 note = {Available from {\tt www.cse.clrc.ac.uk/nag/hsl}},
 year = 2004}

@misc{gw2005,
 author ="Oleg Grodzevich and Henry Wolkowicz",
 title =  "Regularization using a parameterized trust region subproblem",
 note = {{\em Math. Programming}, to appear},
 year = 2006
}

@misc{neos,
 author = "{NEOS.}",
 title = "{Server for Optimization}",
 note = {Mathematics and Computer Science Division, Argonne National Laboratory. Available from {\tt http://www-neos.mcs.anl.gov/neos/}}
}


@article{svdv1996,
   author  = "Gerard L.G. Sleijpen and Henk A. {van der Vorst}",
   title   = "A {Jacobi-Davidson} iteration method for linear eigenvalue problems",
   journal = sjmaa,
   volume  = "17",
   pages   = "401-425",
   year    = "1996"
}

@article{carasso1982,
   author  = "Alfred Carasso",
   title   = "Determining surface temperatures from interior observations",
   journal = sjam,
   volume  = 42,
   pages   = "558-574",
   year    = 1982
}

@techreport{galahad,
    author = "Nicholas N.I.M. Gould and Dominique Orban and Philippe L. Toint",
    title  = "{GALAHAD--a library of thread-safe Fortran 90 packages for large-scale nonlinear optimization}",
    institution = "Rutherford Appleton Laboratory, Chilton, England",
    number = "RAL-TR-2002-014",
    note   = "Available from {\tt http://galahad.rl.ac.uk/galahad-www}",
    year = 2002
}

@incollection{toint1981,
    author = "Philippe L. Toint",
    title     = "{Towards an efficient sparsity exploiting Newton method for minimization}",
    booktitle = "Sparse matrices and their uses",
    publisher = "Academic Press",
    editor    = "I.S. Duff",
    address   = "London",
    pages     = "57-88",
    year      = 1981
}

@article{ehr2003,
   author  = "Lars Eld\'en and Per C. Hansen and Marielba Rojas",
   title   = "Minimization of Linear Functionals Defined on Solutions of Large-Scale Discrete Ill-Posed Problems",
   journal = bit,
   volume  = 45,
   number  = 2,
   pages   = "329-340",
   year    = 2005
}


@article{symes1993,
   author  = "William W. Symes",
   title   = "A differential semblance criterion for inversion of multioffset seismic reflection data",
   journal = "Journal of Geophysical Research",
   volume  = 98,
   pages   = "2061-2073",
   year    = 1993
}


@article{elden1977,
   author  = "Lars Eld\'en",
   title   = "Algorithms for the regularization of ill-conditioned least squares problems",
   journal = bit,
   volume  = 17,
   pages   = "134-145",
   year    = 1977
}


@book{natterer1986,
    author  = "Frank Natterer",
    title   = "{The Mathematics of Computerized Tomography}",
    publisher = "John Wiley \& Sons",
    address   = ny,
    year      = 1986
}

@book{nolet1987,
    author  = "Guust Nolet",
    title   = "{Seismic Tomography, with applications in global seismology and exploration geophysics}",
    publisher = "D. Reidel Publishing Company",
    address   = "Dordrecht",
    year      = 1987
}


@book{bebo1998,
    author  = "Mario Bertero and  Patricia Bocacci",
    title   = "{Introduction to Inverse Problems in Imaging}",
    publisher = "Institute of Physics",
    address   = "Bristol",
    year      = 1998
}

@book{hansen1998,
   author  = "Per C. Hansen",
    title   = "Rank-Deficient and Discrete Ill-Posed Problems: Numerical Aspects of Linear Inversion",
    publisher = siam,
    address   = pa,
    year      = 1998
}

@book{nw1999,
    author  = "Jorge Nocedal and Stephen J. Wright",
    title   = "Numerical Optimization",
    publisher = spr,
    address   = ny,
    year      = 1999
}

@book{cgt2000,
    author = "Andrew R. Conn and Nicholas N.I.M. Gould and Philippe L. Toint",
    title   = "Trust Region Methods",
    publisher = siam,
    address   = pa,
    year      = 2000
}

@article{hansen1990,
   author  = "Per C. Hansen",
    title  = "The {D}iscrete {P}icard {C}ondition for discrete ill-posed problems",
    journal = bit,
    volume  = 30,
    pages   = "658-672",
    year    = 1990
}

@book{laha1995,
    author  = "Charles L. Lawson and Richard J. Hanson",
    title   = "Solving Least Squares Problems",
    publisher = siam,
    address   = pa,
    year      = 1995
}

@book{gvl1996,
   author  = "Gene H. Golub and Charles F. {Van Loan}",
    title   = "Matrix Computations",
    publisher = "John Hopkins University Press",
    address   = "Baltimore",
    edition   = "Third",
    year      = 1996
}

@book{bjorck1996,
    author  = "{\AA}ke Bj{\"o}rck",
    title   = "Numerical Methods for Least Squares Problems",
    publisher = siam,
    address   = pa,
    year      = 1996
}

@article{tikhonov1963,
    author = "Andrei N. Tikhonov",
    title  = "Regularization of incorrectly posed problems",
    journal = "Soviet Math.",
    volume  = 4,
    pages   = "1624-1627",
    year    = 1963
}

@article{hh1994,
   author  = "Martin Hanke and Per C. Hansen",
   title   = "Regularization Methods for Large--Scale Problems",
   journal = smi,
   volume  = "3",
   pages   = "253-315",
   year    = 1993
}

@article{neumaier1998,
   author  = "Arnold Neumaier",
   title   = "Solving ill-conditioned and singular linear systems: a tutorial on regularization",
   journal = srev,
   volume  = "40",
   number  = "3",
   pages   = "636-666",
   year    = 1998
}


@book{pb1987,
    author  = "Thomas W. Parks and Charles S. Burrus",
    title   = "Digital Filter Design",
    publisher = "John Wiley \& Sons",
    address   = ny,
    year      = 1987
}
