@STRING{ cssm = "Comm. Statist. Stochastic Models"}
@book{ahuj.magn.ea93,
	author={Ahuja, R. K. and Magnanti, T. L. and Orlin, J. B.},
	title={Network Flows},
	publisher={PrenticeHall, Inc},
	year={1993},
	address={Upper Saddle River, NJ, USA}
}

@article{asmu.nerm.ea96,
	author={Asmussen, S{\o}ren and Olle Nerman and Marita Olsson},
	title={Fitting Phase Type Distributions via the EM Algorithm},
	journal={Scandinavian Journal of Statistics},
	volume={23},
	year={1996},
	pages={419,441}
}

@article{asmu.ocin98,
	author={Asmussen, S{\o}ren and O'Cinneide, Colm Art},
	title={Representations for matrix-geometric and matrix-exponential steady-state
		distributions with applications to many-server queues},
	journal= cssm,
	volume={14},
	year={1998},
	pages={369--387},
	number={1-2},
	fjournal={Communications in Statistics. Stochastic Models},
	issn={0882-0287},
	mrclass={60K25},
	mrnumber={2000d:60143},
	note={Special issue in honor of Marcel F. Neuts},
	coden={CSSME8}
}

@incollection{asmu97,
	author={Asmussen, S{\o}ren},
	title={Phase-type distributions and related point processes: fitting and recent
		advances},
	abstract={to get},
	booktitle={Matrix-analytic methods in stochastic models (Flint, MI)},
	publisher={Dekker},
	year={1997},
	address={New York},
	pages={137--149},
	mrclass={62M05},
	mrnumber={97h:62070}
}

@article{ayha.wort99,
	author={Ayhan, Hayriye and Wortman, Martin A.},
	title={Job flow control in assembly operations},
	journal={IEEE Trans. Automat. Control},
	volume={44},
	year={1999},
	pages={864--868},
	number={4},
	fjournal={Institute of Electrical and Electronics Engineers. Transactions on Automatic
		Control},
	issn={0018-9286},
	mrclass={93C85},
	mrnumber={99m:93067},
	coden={IETAA9}
}

@book{bacc.brem94,
	author={Baccelli, Fran{\c{c}}ois and Br{\'e}maud, Pierre},
	title={Elements of queueing theory},
	publisher={Springer-Verlag},
	year={1994},
	address={Berlin},
	pages={x+256},
	isbn={3-540-53347-8},
	mrclass={60K25 (60G10 60G55)},
	mrnumber={95m:60132},
	note={Palm-martingale calculus and stochastic recurrences},
	mrreviewer={Masakiyo Miyazawa}
}

@incollection{bake93,
	author={Baker, R. B.},
	title={Requirements planning},
	booktitle={Handbooks in {OR} and {MS}, Vol4: {L}ogistics of production and inventory},
	publisher={North-Holland},
	year={1993},
	editor={Graves, S.C. and Rinnooy Kan, A. H. G. and Zipkin, P.H.},
	chapter={11},
	pages={chap 11}
}

@book{bart.sher82,
	author={Bartle, Robert Gardner and Sherbert, Donald R.},
	title={Introduction to real analysis},
	publisher={John Wiley \& Sons Inc.},
	year={1982},
	address={New York},
	pages={xiii+370},
	isbn={0-471-05944-7},
	mrclass={26-01},
	mrnumber={84c:26001},
	mrreviewer={William Eames}
}

@article{bask.chan.ea75,
	author={Baskett, Forest and Chandy, K. Mani and Muntz, Richard R. and Palacios,
		Fernando G.},
	title={Open, closed, and mixed networks of queues with different classes of customers},
	journal={J. Assoc. Comput. Mach.},
	volume={22},
	year={1975},
	pages={248--260},
	mrclass={60K25},
	mrnumber={51 \#2001},
	mrreviewer={John C. Gittins}
}

@book{baza.jarv.ea90,
	author={Bazaraa, M. S. and Jarvis, J. J. and Sherali, H. D.},
	title={Linear Programming and Network Flows},
	publisher={John Wiley \& Sons},
	year={1990}
}

@article{bien.shap88,
	author={Bienstock, Daniel and Shapiro, Jeremy F.},
	title={OPTIMIZING RESOURCE ACQUISITION DECISIONS BY STOCHASTIC PROgramming},
	journal={Management Science},
	volume={34},
	year={1988},
	pages={215},
	number={2}
}

@article{bill.mccl.ea86,
	author={Billington, P. and Mc{C}lain, J. O. and Thomas, L. J.},
	title={Mathematical programming approaches to capacity-constrained {MRP} systems
		: {R}eview, formulations and Problem reduction.},
	journal={Managemenr Science},
	volume={32},
	year={1986},
	pages={989-1006},
	number={8}
}

@article{bobb.triv90,
	author={Bobbio, Andrea and Trivedi, Kishor S.},
	title={Computation of the distribution of the completion time when the work requirement
		is a {P}{H} random variable},
	journal={Comm. Statist. Stochastic Models},
	volume={6},
	year={1990},
	pages={133--150},
	number={1},
	fjournal={Communications in Statistics. Stochastic Models},
	issn={0882-0287},
	mrclass={60K10 (60K25 68M20 90B25)},
	mrnumber={91e:60251},
	coden={CSSME8},
	mrreviewer={Bent Natvig}
}

@book{buza.shan93,
	author={Buzacott, J. A. and Shanthikumar, G. J.},
	title={Stochastic Models of Manufacturing Systems},
	publisher={Prentice-Hall.},
	year= 1993 
}

@article{buza.yao86,
	author={Buzacott, J. A. and Yao, D. D.},
	title={On Queueing Network Models of Flexible Manufacturing Systems},
	journal={Queueing Systems},
	volume= 1,
	year= 1986,
	pages={29--66}
}

@inproceedings{cara.anl99,
	author={Caramanis, Michael and Anl\i, Osman},
	title={Dynamic Lead Time Modeling for JIT Production Planning},
	booktitle={Proceedings of the IEEE Conference on Decision and Control, Phoenix, AZ},
	year={1999},
	month={December 7-10},
	pages={900-906}
}

@inproceedings{cara.pasc.ea99,
	author={Caramanis, Michael C. and Paschalidis, Ioannis Ch. and Anli, Osman},
	title={A framework for the descentralized control of manufacturing enterprises
		},
	booktitle={Proceedings of the 1999 DARPA-JFACC Symposium on Advances in Enterprise
		Control, San Diego, CA, November 15-16, 1999},
	year={1999},
	pages={99-109 }
}

@article{chev.wein93,
	author={Chevalier, P. B. and Wein, L. M. },
	title={Scheduling networks of queues: heavy traffic analysis of a multistation
		closed network.},
	journal={Stochastics},
	volume= 22,
	year= 1993,
	pages={77-115.}
}

@article{chou.luca.ea97,
	author={Choudhury, Gagan L. and Lucantoni, David M. and Whitt, Ward},
	title={Numerical solution of piecewise-stationary ${M}\sb t/{G}\sb t/1$ queues},
	abstract={to get},
	journal={Oper. Res.},
	volume={45},
	year={1997},
	pages={451--463},
	number={3},
	fjournal={Operations Research},
	issn={0030-364X},
	mrclass={90B22},
	mrnumber={99e:90041},
	coden={OPREAI}
}

@article{comm.chem93,
	author={Commault, C. and Chemla, J. P.},
	title={On dual and minimal phase-type representations},
	journal={Comm. Statist. Stochastic Models},
	volume={9},
	year={1993},
	pages={421--434},
	number={3},
	fjournal={Communications in Statistics. Stochastic Models},
	issn={0882-0287},
	mrclass={60J27},
	mrnumber={94b:60086},
	coden={CSSME8}
}

@article{comm.chem96,
	author={Commault, C. and Chemla, J. P.},
	title={An invariant of representations of phase-type distributions and some applications},
	journal={J. Appl. Probab.},
	volume={33},
	year={1996},
	pages={368--381},
	number={2},
	fjournal={Journal of Applied Probability},
	issn={0021-9002},
	mrclass={60J27},
	mrnumber={96m:60171},
	coden={JPRBAM}
}

@article{dacr.glaz.ea99,
	author={Dacre, Marcus and Glazebrook, Kevin and Ni{\~n}o-Mora, Jos{\'e}},
	title={The achievable region approach to the optimal control of stochastic systems},
	journal={J. R. Stat. Soc. Ser. B Stat. Methodol.},
	volume={61},
	year={1999},
	pages={747--791},
	number={4},
	fjournal={Journal of the Royal Statistical Society. Series B. Statistical Methodology},
	issn={1369-7412},
	mrclass={60K25 (49J55 60K10 90B22)},
	mrnumber={2001i:60152},
	note={With discussion and a reply by the authors},
	mrreviewer={Richard F. Serfozo}
}

@unpublished{daga.erre95,
	author={Daganzo, C. F. and Errera, A. L.},
	title={On Planning and design of Logistics systems for uncertain enviroments},
	note={Working Paper},
	year={1995}
}

@book{dai96,
	author={Dai, J.},
	title={A fluid-limit model criterion for instability of multiclass queueing networks},
	publisher={Annals of Applied Probability},
	year={1996},
	volume={6},
	pages={751-757 }
}

@book{diac.stro1,
	author={Diaconis, Persi and Stroock, Daniel},
	title={Geometric bounds for eigenvalues of {M}arkov chains},
	publisher={Ann. Appl. Probab.},
	year={1},
	volume={1991},
	editor={36--61},
	series={1},
	edition={The Annals of Applied Probability},
	month={1050-5164},
	pages={60J10},
	isbn={92h:60103},
	note={Gregory F. Lawler}
}

@techreport{ettl.feig.ea99,
	author={Ettl, Markus and Feigin, G. E. and Lin, G. Y. and Yao, D.},
	title={A Supply Network Model with base-stock control and service Requirements},
	institution={IBM},
	year={1999},
	number={RC20473}
}

@book{evan.gari92,
	author={Evans, Lawrence C. and Gariepy, Ronald F.},
	title={Measure theory and fine properties of functions},
	publisher={CRC Press},
	year={1992},
	address={Boca Raton, FL},
	pages={viii+268},
	isbn={0-8493-7157-0},
	mrclass={28-02 (26-02 26Bxx 46E35)},
	mrnumber={93f:28001},
	mrreviewer={R. G. Bartle}
}

@article{feld.whit98,
	author={Feldmann, Anja and Whitt, Ward},
	title={Fitting mixtures of exponentials to long-tail distributions to analyze network
		performance models},
	journal={Performance Evaluation. An international journal},
	volume={31},
	year={1998},
	pages={245-279}
}

@article{fill91,
	author={Fill, James Allen},
	title={Eigenvalue bounds on convergence to stationarity for nonreversible {M}arkov
		chains, with an application to the exclusion process},
	journal={Ann. Appl. Probab.},
	volume={1},
	year={1991},
	pages={62--87},
	number={1},
	fjournal={The Annals of Applied Probability},
	issn={1050-5164},
	mrclass={60J10 (60K35)},
	mrnumber={92h:60104},
	mrreviewer={Gregory F. Lawler}
}

@article{fole82,
	author={Foley, R. D.},
	title={The non-homogeneous {$M/G/\infty$} queue},
	journal={Operations Research},
	volume={19},
	year= 1982,
	pages={41-48}
}

@article{gall.wein01,
	author={Gallien, J{\'e}r{\'e}mie and Wein, Lawrence M.},
	title={A simple and effective component procurement policy for stochastic assembly
		systems},
	journal={Queueing Syst. Theory Appl.},
	volume={38},
	year={2001},
	pages={221--248},
	number={2},
	fjournal={Queueing Systems. Theory and Applications},
	issn={0257-0130},
	mrclass={90B30 (90B22)},
	mrnumber={1 845 319}
}

@article{glas.tayu96,
	author={Glasserman, Paul and Tayur, Sridhar},
	title={A simple approximation for a multistage capacitated production-inventory
		system},
	journal={Naval Research Logistics},
	volume={43},
	year={1996},
	pages={41-58}
}

@unpublished{glas.wang96,
	author={Glasserman, Paul and Wang, Yashan},
	title={Leadtime-inventory Trade-offs in assemble to order systems},
	note={To appear in Operations Research},
	year={1996}
}

@book{gras00,
	author={Grassman, Winfired, K.},
	title={Computational Probability},
	publisher={Kluwer Academic},
	year={2000}
}

@book{gros.harr85,
	author={Gross, D. and Harris, C.},
	title={Fundamentals of Queueing Theory},
	publisher={John Wiley {\&} Sons.},
	year= 1985 
}

@article{hack.leac89,
	author={Hackman, S. T. and Leachman, R. C.},
	title={An Aggregate Model of Project Oriented Production},
	journal={IEEE Transactions of Systems, Man and Cbernetics},
	volume={19},
	year={1989},
	pages={220-231},
	number={2}
}

@article{hack.leac89B,
	author={Hackman, S. T. and Leachman, R. C. },
	title={A general framework for modeling production},
	journal={Management Sci},
	volume={35},
	year= 1989,
	pages={478-495}
}

@article{harr.wein89,
	author={Harrison, J. Michael and Wein, Lawrence M.},
	title={Scheduling networks of queues: heavy traffic analysis of a simple open network},
	journal={Queueing Systems Theory Appl.},
	volume={5},
	year={1989},
	pages={265--279},
	number={4},
	fjournal={Queueing Systems. Theory and Applications},
	issn={0257-0130},
	mrclass={90B35 (60K25)},
	mrnumber={91g:90080},
	mrreviewer={S. Csibi}
}

@article{harr.wein90,
	author={Harrison, J. Michael and Wein, Lawrence M.},
	title={Scheduling networks of queues: heavy traffic analysis of a two-station closed
		network},
	abstract={To read},
	journal={Oper. Res.},
	volume={38},
	year={1990},
	pages={1052--1064},
	number={6},
	fjournal={Operations Research},
	issn={0030-364X},
	mrclass={90B22},
	mrnumber={1 095 959},
	coden={OPREAI}
}

@unpublished{harr96,
	author={Harrison, J. M.},
	title={The {BIGSTEP} Approach to flow management in stochastic processing networks},
	note={Technical report, Stanford University},
	year= 1996 
}

@book{hopp.spea00,
	author={Hopp, W. J. and Spearman, M. L. },
	title={Factory Physics: The Foundations of Operations Management},
	publisher={McGraw Hill.},
	year={2000}
}

@book{hopp.spea96,
	author={Hopp, W. J. and Spearman, M. L. },
	title={Factory Physics: The Foundations of Operations Management},
	publisher={McGraw Hill.},
	year={1996 }
}

@book{john.mont74,
	author={Johnson, L. A. and Montgomery D. C.},
	title={Operations Research in Production Planning, Scheduling and Inventory Control},
	publisher={John Wiley \& Sons},
	year={1974}
}

@article{john.taaf89,
	author={Johnson, Mary A. and Taaffe, Michael R.},
	title={Matching moments to phase distributions: mixtures of {E}rlang distributions
		of common order},
	journal={Comm. Statist. Stochastic Models},
	volume={5},
	year={1989},
	pages={711--743},
	number={4},
	fjournal={Communications in Statistics. Stochastic Models},
	issn={0882-0287},
	mrclass={60K25 (60E05)},
	mrnumber={91a:60244},
	coden={CSSME8}
}

@article{john.taaf90,
	author={Johnson, Mary A. and Taaffe, Michael R.},
	title={Matching moments to phase distributions: density function shapes},
	journal={Comm. Statist. Stochastic Models},
	volume={6},
	year={1990},
	pages={283--306},
	number={2},
	fjournal={Communications in Statistics. Stochastic Models},
	issn={0882-0287},
	mrclass={90C42 (60J10 60K25)},
	mrnumber={91j:90096b},
	coden={CSSME8},
	mrreviewer={A. H. {\v{Z}}ilinskas}
}

@book{kall83,
	author={Kallenberg, O.},
	title={Random Measures},
	publisher={Akademie-Verlag},
	year= 1983 
}

@book{kelt.sado.ea98,
	author={Kelton, W.D. and Sadowski, R.P. and Sadowski, D.A.},
	title={Simulation With {A}rena},
	publisher={Mc Graw Hill, Inc},
	year={1998}
}

@book{klei75,
	author={Kleinrock},
	title={Queueing Systems},
	publisher={Wiley},
	year={1975}
}

@article{kook.serf93,
	author={Kook, Kwang Ho and Serfozo, Richard F.},
	title={Travel and sojourn times in stochastic networks},
	journal={Ann. Appl. Probab.},
	volume={3},
	year={1993},
	pages={228--252},
	number={1},
	fjournal={The Annals of Applied Probability},
	issn={1050-5164},
	mrclass={60K25 (68M20 90B22)},
	mrnumber={94c:60158},
	mrreviewer={Hans Daduna}
}

@book{kulk95,
	author={Kulkarni, V.},
	title={Modeling and Analysis of Stochastic Systems},
	publisher={Chapman {\&} Hall.},
	year= 1995 
}

@book{lato.rama99,
	author={Latouche, G. and Ramaswami, V.},
	title={Introduction to matrix analytic methods in stochastic modeling},
	publisher={Society for Industrial and Applied Mathematics (SIAM)},
	year={1999},
	address={Philadelphia, PA},
	pages={xiv+334},
	isbn={0-89871-425-7},
	mrclass={60K25 (65C50 90B22)},
	mrnumber={2000b:60224},
	mrreviewer={P. R. Parthasarathy}
}

@article{leac.bens.ea96,
	author={Leachman, Robert and Benson, Robert and Liu, Chihwei and Raar, Dale J.},
	title={{IMPReSS}: an automated production planning and delivery quotation syatem
		at {H}arris {C}orporation -- {S}emiconductor sector},
	journal={Interfaces},
	volume={26},
	year={1996},
	pages={6-37},
	number={1}
}

@inproceedings{leac.boys85,
	author={Leachman, R. C. and Boysen, J.},
	title={An Aggregate Model for Multi-Project Resource Allocation},
	booktitle={Project {M}anagement: Methods and studies},
	year={1985},
	publisher={Northholland, New York},
	editor={Dean, B. V.}
}

@incollection{leac.raar94,
	author={Leachman, R. C. and Raar, D. J.},
	title={Optimized Production Planning and delivery quotation for the semiconductor
		industry},
	booktitle={Optimization in Industry},
	publisher={John {W}iley {\&} Sons},
	year={1994},
	editor={Ciriani, T.A. and Leachman R. C.}
}

@incollection{leac94,
	author={Leachman, R. C. },
	title={Modeling Techniques for Automated Production Planning in the Semiconductor
		Industry},
	booktitle={Optimization in Industry},
	publisher={John {W}iley {\&} Sons},
	year={1994},
	editor={Ciriani, T.A. and Leachman R. C.}
}

@techreport{lin.ettl.ea99,
	author={Lin, G. M. and Ettl, M. and Feigin, G. E. and others},
	title={Extended Enterprise supply chain management at IBM personal systems group
		and other division},
	institution={IBM},
	year={1999},
	number={RC20473}
}

@article{lipm.mcca97,
	author={Lipman, Steven A. and Mc{Cardle}, Kevin F.},
	title={The competitive newsboy},
	abstract={to read},
	journal={Operations Research},
	volume={45},
	year={1997},
	pages={54-65}
}

@article{lipp.mame.ea87,
	author={Lippman, Steven A. and Mamer, John W. and McCardle, Kevin F.},
	title={Comparative statics in noncooperative games via transfinitely iterated play},
	journal={J. Econom. Theory},
	volume={41},
	year={1987},
	pages={288--303},
	number={2},
	fjournal={Journal of Economic Theory},
	issn={0022-0531},
	mrclass={90D05 (90D45)},
	mrnumber={88c:90146},
	coden={JECTAQ},
	mrreviewer={Roy Gardner}
}

@article{litt61,
	author={Little, John D. C.},
	title={A proof for the queueing formula: ${L}=\lambda {W}$},
	abstract={To get},
	journal={Operations Res.},
	volume={9},
	year={1961},
	pages={383--387},
	mrclass={60.80},
	mrnumber={23 \#A2943},
	mrreviewer={H. M. Gurk}
}

@article{liu.nain.ea95,
	author={Liu, Zhen and Nain, Philippe and Towsley, Don},
	title={Sample Path methods in the control of queues},
	abstract={To read},
	journal={Queueing System},
	volume={21},
	year={1995},
	pages={293-335}
}

@article{maie.ocin92,
	author={Maier, Robert S. and O'Cinneide, Colm Art},
	title={A closure characterisation of phase-type distributions},
	journal={J. Appl. Probab.},
	volume={29},
	year={1992},
	pages={92--103},
	number={1},
	fjournal={Journal of Applied Probability},
	issn={0021-9002},
	mrclass={60E10},
	mrnumber={92i:60033},
	coden={JPRBAM}
}

@article{mill98,
	author={Millard, B.},
	title={{JIT} vs. {MRP} unmasking the great push-pull myth},
	journal={APICS The Performance Advantage},
	volume={8},
	year={1998},
	pages={V8},
	month={March},
	number={3}
}

@book{neut81,
	author={Neuts, M. F.},
	title={Matrix-Geometrix Solutions in Stochastic Models},
	publisher={The John Hopkings University Press.},
	year= 1981 
}

@article{neut92,
	author={Neuts, Marcel F.},
	title={Two further closure properties of {P}{H}-distributions},
	journal={Asia-Pacific J. Oper. Res.},
	volume={9},
	year={1992},
	pages={77--85},
	number={1},
	fjournal={Asia-Pacific Journal of Operational Research},
	issn={0217-5959},
	mrclass={60K25},
	mrnumber={93e:60186}
}

@incollection{neut95,
	author={Neuts, Marcel F.},
	title={Matrix-analytic methods in queueing theory},
	booktitle={Advances in queueing},
	publisher={CRC},
	year={1995},
	address={Boca Raton, FL},
	pages={265--292},
	mrclass={60K25},
	mrnumber={97d:60153}
}

@book{newe82,
	author={Newell, G.F.},
	title={Applications of Queueing Theory},
	publisher={Chapman and Hall},
	year={1982},
	address={London}
}

@article{ocin89,
	author={O'Cinneide, Colm Art},
	title={On nonuniqueness of representations of phase-type distributions},
	journal={Comm. Statist. Stochastic Models},
	volume={5},
	year={1989},
	pages={247--259},
	number={2},
	fjournal={Communications in Statistics. Stochastic Models},
	issn={0882-0287},
	mrclass={60K25 (90B22)},
	mrnumber={91a:60258},
	coden={CSSME8},
	mrreviewer={Pavel P. Bocharov}
}

@article{ocin90,
	author={O'Cinneide, Colm Art},
	title={Characterization of phase-type distributions},
	journal={Comm. Statist. Stochastic Models},
	volume={6},
	year={1990},
	pages={1--57},
	number={1},
	fjournal={Communications in Statistics. Stochastic Models},
	issn={0882-0287},
	mrclass={60K25 (68M20 90B22)},
	mrnumber={91i:60258},
	coden={CSSME8},
	mrreviewer={Pavel P. Bocharov}
}

@techreport{olss98,
	author={Marita Olsson},
	title={The {EMpht}-programme},
	institution={Chalmers University of Technology, and G{\"o}tborg University},
	year={1998},
	month={June},
	type={Manual},
	address={Available at {\\ \href{http://www.maths.lth.se/matstat/staff/asmus/pspapers.html}{http://www.maths.lth.se/matstat/staff/asmus/pspapers.html}}}
}

@article{ott84,
	author={Ott, Teunis J.},
	title={The sojourn-time distribution in the ${M}/{G}/1$ queue with processor sharing},
	journal={J. Appl. Probab.},
	volume={21},
	year={1984},
	pages={360--378},
	number={2},
	fjournal={Journal of Applied Probability},
	issn={0021-9002},
	mrclass={60K25 (90B22)},
	mrnumber={85k:60132},
	coden={JPRBAM},
	mrreviewer={Jacqueline Loris-Teghem}
}

@article{ott87,
	author={Ott, Teunis J.},
	title={On the stationary waiting-time distribution in the ${G}{I}/{G}/1$ queue.
		{I}. {T}ransform methods and almost-phase-type distributions},
	abstract={To read},
	journal={Adv. in Appl. Probab.},
	volume={19},
	year={1987},
	pages={240--265},
	number={1},
	fjournal={Advances in Applied Probability},
	issn={0001-8678},
	mrclass={60K25 (90B22)},
	mrnumber={88f:60169},
	coden={AAPBBD},
	mrreviewer={J. George Shanthikumar}
}

@book{pedg.shan.ea95,
	author={Pedgen, C. D. and Shannon, R. E. and Sadowski, R. P.},
	title={Introduction to simulation using {SIMAN}},
	publisher={Mc Graw Hill, Inc},
	year={1995}
}

@book{pres2002,
	author={Press, William H. and others},
	title={Numerical Recipes in C++ : The Art of Scientific Computing},
	publisher={Cambridge University Press; 2nd edition },
	year={2002)}
}

@article{rama90,
	author={Ramaswami, V.},
	title={From the matrix-geometric to the matrix-exponential},
	journal={Queueing Systems Theory Appl.},
	volume={6},
	year={1990},
	pages={229--260},
	number={3},
	fjournal={Queueing Systems. Theory and Applications},
	issn={0257-0130},
	mrclass={60K25 (90B22)},
	mrnumber={91k:60104},
	mrreviewer={Pavel P. Bocharov}
}

@article{rama99,
	author={Ramalhoto, M. F.},
	title={The infinite server queue and heuristic approximations to the multi-server
		queue with and without retrials},
	journal={Top},
	volume={7},
	year={1999},
	pages={333--350},
	number={2},
	fjournal={Top},
	issn={1134-5764},
	mrclass={60K25 (90B22)},
	mrnumber={1 737 653},
	note={1st International Workshop on Retrial Queues (Madrid, 1998)}
}

@unpublished{rian.serf.ea03,
	author={Ria{\~n}o, German and Serfozo, Richard and Hackman, Steve},
	title={A Transient Little Law},
	note={Universidad de los Andes -- Georgia Institute of Technology. Available at
		\href{http://copa.uniandes.edu.co}{copa.uniandes.edu.co}.},
	year={2003}
}

@unpublished{rian.serf.ea03B,
	author={Ria{\~n}o, German and Serfozo, Richard and Hackman, Steve},
	title={Approximation of Time-Dependent Expected Queues for Non-Markovian Queueing
		Networks},
	note={Universidad de los Andes -- Georgia Institute of Technology. Available at
		\href{http://copa.uniandes.edu.co}{copa.uniandes.edu.co}.},
	year={2003}
}

@unpublished{rian.serf.ea03C,
	author={Ria{\~n}o, German and Serfozo, Richard and Hackman, Steve},
	title={Modeling Random Lead Times in Linear Programs: A tutorial},
	note={Universidad de los Andes -- Georgia Institute of Technology. Available at
		\href{http://copa.uniandes.edu.co}{copa.uniandes.edu.co}.},
	year={2003}
}

@phdthesis{rian02,
	author={Ria{\~n}o, German },
	title={Transient Behavior of Stochastic Networks: Application to Production Planning
		with load dependent Lead Times},
	school={Georgia Institute of Technology},
	year={2002}
}

@unpublished{rian03,
	author={Ria{\~n}o, German},
	title={City Buses Scheduling {LP} Model},
	note={Universidad de los Andes -- Georgia Institute of Technology. Available at
		\href{http://copa.uniandes.edu.co}{copa.uniandes.edu.co}.},
	year={2003}
}

@article{rock.wets91,
	author={Rockafellar, R. T. and Wets, Roger J.-B.},
	title={Scenarios and policy aggregation in optimization under uncertainty},
	abstract={To read},
	journal={Math. Oper. Res.},
	volume={16},
	year={1991},
	pages={119--147},
	number={1},
	fjournal={Mathematics of Operations Research},
	issn={0364-765X},
	mrclass={90C15 (49K45 90A05)},
	mrnumber={92k:90058},
	mrreviewer={Alexei Gaivoronski}
}

@article{rosl89,
	author={Rosling, Kaj},
	title={Optimal inventory policies for assembly systems under random demands},
	journal={Oper. Res.},
	volume={37},
	year={1989},
	pages={565--579},
	number={4},
	fjournal={Operations Research},
	issn={0030-364X},
	mrclass={90B05 (90B30)},
	mrnumber={90h:90057},
	coden={OPREAI},
	mrreviewer={Roelof Kuik}
}

@incollection{schm.serf95,
	author={Schmidt, Volker and Serfozo, Richard F.},
	title={Campbell's formula and applications to queueing},
	booktitle={Advances in queueing},
	publisher={CRC},
	year={1995},
	address={Boca Raton, FL},
	pages={225--242},
	mrclass={60G55 (60G57 60K25 60K30)},
	mrnumber={97h:60045},
	mrreviewer={Masakiyo Miyazawa}
}

@article{seng89,
	author={Sengupta, Bhaskar},
	title={Markov processes whose steady state distribution is matrix-exponential with
		an application to the ${G}{I}/{P}{H}/1$ queue},
	journal={Adv. in Appl. Probab.},
	volume={21},
	year={1989},
	pages={159--180},
	number={1},
	fjournal={Advances in Applied Probability},
	issn={0001-8678},
	mrclass={60K25 (90B22)},
	mrnumber={90f:60169},
	coden={AAPBBD},
	mrreviewer={Peter Purdue}
}

@article{seng90,
	author={Sengupta, Bhaskar},
	title={The semi-{M}arkovian queue: theory and applications},
	journal={Comm. Statist. Stochastic Models},
	volume={6},
	year={1990},
	pages={383--413},
	number={3},
	fjournal={Communications in Statistics. Stochastic Models},
	issn={0882-0287},
	mrclass={60K25 (90B22)},
	mrnumber={91m:60177},
	coden={CSSME8},
	mrreviewer={Peter Purdue}
}

@article{serf81,
	author={Serfozo, Richard},
	title={Optimal control of random walks, birth and death processes, and queues},
	journal={Adv. in Appl. Probab.},
	volume={13},
	year={1981},
	pages={61--83},
	number={1},
	fjournal={Advances in Applied Probability},
	issn={0001-8678},
	mrclass={60K25 (60J15 60J80)},
	mrnumber={82d:60187},
	coden={AAPBBD},
	mrreviewer={Shaler Stidham, Jr.}
}

@article{serf94,
	author={Serfozo, Richard F.},
	title={Little laws for utility processes and waiting times in queues},
	abstract={to get},
	journal={Queueing Systems Theory Appl.},
	volume={17},
	year={1994},
	pages={137--181},
	number={1-2},
	fjournal={Queueing Systems. Theory and Applications},
	issn={0257-0130},
	mrclass={60K25},
	mrnumber={95k:60243},
	mrreviewer={Shaler Stidham, Jr.}
}

@book{serf99,
	author={Serfozo, Richard},
	title={Introduction to stochastic networks},
	publisher={Springer-Verlag},
	year={1999},
	address={New York},
	pages={xiv+300},
	isbn={0-387-98773-8},
	mrclass={60K25 (60G55)},
	mrnumber={2000k:60193},
	mrreviewer={Volker Schmidt}
}

@incollection{seth.zhan94,
	author={Sethi, S. P. and Q. Zhang},
	title={Hierarchical Decision Making in Stochastic Manufacturing Systems},
	booktitle={Systems {\&} Control:Foundations {\&} Applications},
	publisher={Birkh{\"a}user Boston},
	year= 1994 
}

@article{shap96,
	author={Shapiro, Alexander},
	title={Simulation-based optimization---convergence analysis and statistical inference},
	journal={Comm. Statist. Stochastic Models},
	volume={12},
	year={1996},
	pages={425--454},
	number={3},
	fjournal={Communications in Statistics. Stochastic Models},
	issn={0882-0287},
	mrclass={90C15 (62L20 65K05)},
	mrnumber={97m:90062},
	coden={CSSME8},
	mrreviewer={C. Bergthaller}
}

@incollection{shap99,
	author={Shapiro, Jeremy F. },
	title={Bottom-up vs. top-down approaches to Supply Chain Modeling},
	abstract={Very intersting survey of modeling Techniques},
	booktitle={Quantitative Models for Supply Chain Management},
	publisher={Kluwer Academic Publishers},
	year={1999},
	editor={Tayur and Ganeshan and Magazine},
	chapter={23},
	pages={739-759}
}

@article{song94,
	author={Song, J.},
	title={The efect of lead time uncertainity in a simple stochastic inventory model},
	journal={Management Science },
	volume={40},
	year={1994},
	pages={603-613}
}

@article{spea.q99,
	author={Spearman, M. L. and Zhang R. Q.},
	title={Optimal Lead time policies},
	journal={Management Science},
	volume={45},
	year={1999},
	pages={290-295},
	month={February},
	number={2}
}

@unpublished{spea.shap.ea96,
	author={Spearman, Mark L. and Shapiro, Alexander and Homem de Mello, Tito},
	title={Finding optimal material release times using simulation based optimization},
	note={GA Tech},
	year={1996}
}

@unpublished{spea.shap.ea98,
	author={Spearman, Mark L. and Shapiro, Alexander and Hopp, Wallace J.},
	title={Robust Scheduling and diagnostics using simulation based Optimization. A
		proposal to the NSF},
	note={GA Tech {\&} Northwestern University},
	year={1998}
}

@article{stan.king.ea97,
	author={Stanfield, Paul M. and King, Russell E. and Hodgson, Thom J.},
	title={Multi-objective stochastic scheduling of job ready times},
	journal={Ann. Oper. Res.},
	volume={70},
	year={1997},
	pages={221--239},
	fjournal={Annals of Operations Research},
	issn={0254-5330},
	mrclass={90B35},
	mrnumber={1 456 801}
}

@article{st-john85,
	author={St. John, R. },
	title={The cost of infalted planned lead times in {MRP} systems.},
	journal={Journal of Operations Management},
	volume={5},
	year={1985},
	pages={pp}
}

@unpublished{tard.spea96,
	author={Tardif, Valerie and Spearman, Mark L.},
	title={Diagnostic scheduling in finite-capacity production enviroments},
	note={U. Texas and GA. Tech},
	year={1996}
}

@incollection{thom.mccl93,
	author={Thomas, L. J. and Mc{C}lain, J.O.},
	title={Overview of production planning},
	booktitle={Handbooks in {OR} and {MS}, Vol 4: {L}ogistics of production and inventory},
	publisher={North-Holland},
	year={1993},
	editor={Graves, S.C. and Rinnooy Kan, A. H. G. and Zipkin, P.H.},
	chapter={7},
	pages={Ch7}
}

@unpublished{tokt.wein99,
	author={Toktay, L. B. and Wein, L. M.},
	title={Analysis of a Forecasting-Production-Inventory System with Stationary Demand},
	abstract={To read},
	note={{INSEAD} {\&} {Sloan School of Management at MIT}},
	year={1999}
}

@unpublished{varg00,
	author={Vargas, V. A.},
	title={The Stochastic version of the Wagner-Whittin Production Lot-Size Model},
	note={Working Paper},
	year={2000(?)}
}

@article{veat.cara99,
	author={Veatch, Michael H. and Caramanis, Michael C.},
	title={Optimal manufacturing flow controllers: zero-inventory policies and control
		switching sets},
	journal={IEEE Trans. Automat. Control},
	volume={44},
	year={1999},
	pages={914--921},
	number={5},
	fjournal={Institute of Electrical and Electronics Engineers. Transactions on Automatic
		Control},
	issn={0018-9286},
	mrclass={93E20 (90B30)},
	mrnumber={2000a:93139},
	coden={IETAA9}
}

@article{whit00,
	author={Whitt, Ward},
	title={The impact of a heavy-tailed service-time distribution upon the ${M}/{G}{I}/s$
		waiting-time distribution},
	journal={Queueing Systems Theory Appl.},
	volume={36},
	year={2000},
	pages={71--87},
	number={1-3},
	fjournal={Queueing Systems. Theory and Applications},
	issn={0257-0130},
	mrclass={60K25},
	mrnumber={2001k:60138},
	mrreviewer={Volker Schmidt}
}

@article{whit83,
	author={Whitt, W.},
	title={The Queueing Network Analyzer},
	journal={Bell Sys. Tech. J.},
	volume= 62,
	year= 1983,
	pages={2779--2815}
}

@article{whit85,
	author={Whittle, P.},
	title={Scheduling and characterization problems for stochastic networks},
	abstract={To read},
	journal={J. Roy. Statist. Soc. Ser. B},
	volume={47},
	year={1985},
	pages={407--415, 415--428},
	number={3},
	fjournal={Journal of the Royal Statistical Society. Series B. Methodological},
	issn={0035-9246},
	mrclass={60K25 (68M20 90B15 90B22)},
	mrnumber={87m:60212c},
	note={With discussion},
	coden={JSTBAJ},
	mrreviewer={O. J. Boxma}
}

@article{whit91,
	author={Whitt, Ward},
	title={A review of ${L}=\lambda {W}$ and extensions},
	abstract={to get},
	journal={Queueing Systems Theory Appl.},
	volume={9},
	year={1991},
	pages={235--268},
	number={3},
	fjournal={Queueing Systems. Theory and Applications},
	issn={0257-0130},
	mrclass={60K25},
	mrnumber={93e:60190},
	mrreviewer={Shaler Stidham, Jr.}
}

@article{whit92,
	author={Whitt, Ward},
	title={Correction note on ${L}=\lambda {W}$. {C}orrection to: ``{A} review of ${L}=\lambda
		{W}$ and extensions'' [{Q}ueueing {S}ystems {T}heory {A}ppl.\ {\bf 9} (1991),
		no.\ 3, 235--268; {M}{R} 93e:60190]},
	abstract={to get},
	journal={Queueing Systems Theory Appl.},
	volume={12},
	year={1992},
	pages={431--432},
	number={3-4},
	fjournal={Queueing Systems. Theory and Applications},
	issn={0257-0130},
	mrclass={60K25},
	mrnumber={94a:60131}
}

@article{whit95,
	author={Whitt, W.},
	title={Variability Functions for Parametric-decomposition Approximations of Queueing
		Networks},
	journal={Management Sci.},
	volume= 41,
	year= 1995,
	pages={1704--1715}
}

